@ARTICLE{Schechter,
   author = {{Press}, W.~H. and {Schechter}, P.},
    title = "{Formation of Galaxies and Clusters of Galaxies by Self-Similar Gravitational Condensation}",
  journal = {APJ},
     year = 1974,
    month = feb,
   volume = 187,
    pages = {425-438},
      doi = {10.1086/152650},
   adsurl = {http://adsabs.harvard.edu/abs/1974ApJ...187..425P},
  adsnote = {Provided by the SAO/NASA Astrophysics Data System}
}

@ARTICLE{forero,
   author = {{Forero-Romero}, J.~E. and {Hoffman}, Y. and {Gottl{\"o}ber}, S. and 
	{Klypin}, A. and {Yepes}, G.},
    title = "{A dynamical classification of the cosmic web}",
  journal = {MNRAS},
archivePrefix = "arXiv",
   eprint = {0809.4135},
 keywords = {methods: numerical , cosmology: large-scale structure of Universe},
     year = 2009,
    month = jul,
   volume = 396,
    pages = {1815-1824},
      doi = {10.1111/j.1365-2966.2009.14885.x},
   adsurl = {http://adsabs.harvard.edu/abs/2009MNRAS.396.1815F},
  adsnote = {Provided by the SAO/NASA Astrophysics Data System}
}

@ARTICLE{jones,
   author = {{Jones}, M.~G. and {Papastergis}, E. and {Haynes}, M.~P. and 
	{Giovanelli}, R.},
    title = "{Environmental dependence of the H I mass function in the ALFALFA 70\% catalogue}",
  journal = {MNRAS},
archivePrefix = "arXiv",
   eprint = {1510.07050},
 keywords = {galaxies: luminosity function, mass function, radio lines: galaxies},
     year = 2016,
    month = apr,
   volume = 457,
    pages = {4393-4405},
      doi = {10.1093/mnras/stw263},
   adsurl = {http://adsabs.harvard.edu/abs/2016MNRAS.457.4393J},
  adsnote = {Provided by the SAO/NASA Astrophysics Data System}
}

@ARTICLE{contra1,
   author = {{Springob}, C.~M. and {Haynes}, M.~P. and {Giovanelli}, R.},
    title = "{Morphology, Environment, and the H I Mass Function}",
  journal = {APJ},
   eprint = {astro-ph/0411349},
 keywords = {Galaxies: Distances and Redshifts, Galaxies: Luminosity Function, Mass Function, Radio Lines: Galaxies},
     year = 2005,
    month = mar,
   volume = 621,
    pages = {215-226},
      doi = {10.1086/427432},
   adsurl = {http://adsabs.harvard.edu/abs/2005ApJ...621..215S},
  adsnote = {Provided by the SAO/NASA Astrophysics Data System}
}


@ARTICLE{environments,
   author = {{Muldrew}, S.~I. and {Croton}, D.~J. and {Skibba}, R.~A. and 
	{Pearce}, F.~R. and {Ann}, H.~B. and {Baldry}, I.~K. and {Brough}, S. and 
	{Choi}, Y.-Y. and {Conselice}, C.~J. and {Cowan}, N.~B. and 
	{Gallazzi}, A. and {Gray}, M.~E. and {Gr{\"u}tzbauch}, R. and 
	{Li}, I.-H. and {Park}, C. and {Pilipenko}, S.~V. and {Podgorzec}, B.~J. and 
	{Robotham}, A.~S.~G. and {Wilman}, D.~J. and {Yang}, X. and 
	{Zhang}, Y. and {Zibetti}, S.},
    title = "{Measures of galaxy environment - I. What is 'environment'?}",
  journal = {MNRAS},
archivePrefix = "arXiv",
   eprint = {1109.6328},
 keywords = {methods: numerical, methods: statistical, galaxies: evolution, galaxies: haloes, dark matter, large-scale structure of Universe},
     year = 2012,
    month = jan,
   volume = 419,
    pages = {2670-2682},
      doi = {10.1111/j.1365-2966.2011.19922.x},
   adsurl = {http://adsabs.harvard.edu/abs/2012MNRAS.419.2670M},
  adsnote = {Provided by the SAO/NASA Astrophysics Data System}
}

@ARTICLE{contra2,
   author = {{Stierwalt}, S. and {Haynes}, M.~P. and {Giovanelli}, R. and 
	{Kent}, B.~R. and {Martin}, A.~M. and {Saintonge}, A. and {Karachentsev}, I.~D. and 
	{Karachentseva}, V.~E.},
    title = "{The Arecibo Legacy Fast Alfa Survey. IX. The Leo Region H I Catalog, Group Membership, and the H I Mass Function for the Leo I Group}",
  journal = {AJ},
archivePrefix = "arXiv",
   eprint = {0906.2178},
 keywords = {galaxies: distances and redshifts, galaxies: dwarf, galaxies: evolution, galaxies: formation, galaxies: halos, galaxies: luminosity function, mass function, radio lines: galaxies},
     year = 2009,
    month = aug,
   volume = 138,
    pages = {338-361},
      doi = {10.1088/0004-6256/138/2/338},
   adsurl = {http://adsabs.harvard.edu/abs/2009AJ....138..338S},
  adsnote = {Provided by the SAO/NASA Astrophysics Data System}
}

