@ARTICLE{Tweb,
   author = {{Forero-Romero}, J.~E. and {Hoffman}, Y. and {Gottl{\"o}ber}, S. and 
	{Klypin}, A. and {Yepes}, G.},
    title = "{A dynamical classification of the cosmic web}",
  journal = {\mnras},
archivePrefix = "arXiv",
   eprint = {0809.4135},
 keywords = {methods: numerical , cosmology: large-scale structure of Universe},
     year = 2009,
    month = jul,
   volume = 396,
    pages = {1815-1824},
      doi = {10.1111/j.1365-2966.2009.14885.x},
   adsurl = {http://adsabs.harvard.edu/abs/2009MNRAS.396.1815F},
  adsnote = {Provided by the SAO/NASA Astrophysics Data System}
}

@article{numpy,
  title={The NumPy array: a structure for efficient numerical computation},
  author={Walt, St{\'e}fan van der and Colbert, S Chris and Varoquaux, Gael},
  journal={Computing in Science \& Engineering},
  volume={13},
  number={2},
  pages={22--30},
  year={2011},
  publisher={IEEE}
}
@inproceedings{pandas,
  title={Data structures for statistical computing in python},
  author={McKinney, Wes and others},
  booktitle={Proceedings of the 9th Python in Science Conference},
  volume={445},
  pages={51--56},
  year={2010},
  organization={SciPy Austin, TX}
}

@misc{james2014introduction,
  title={An Introduction to Statistical Learning: With Applications in R.},
  author={James, Gareth and Witten, Daniela and Hastie, Trevor},
  year={2014}
}
@ARTICLE{matplotlib,
   author = {{Hunter}, J.~D.},
    title = "{Matplotlib: A 2D Graphics Environment}",
  journal = {Computing in Science and Engineering},
 keywords = {Python, Scripting languages, Application development, Scientific programming  },
     year = 2007,
    month = may,
   volume = 9,
    pages = {90-95},
      doi = {10.1109/MCSE.2007.55},
   adsurl = {http://adsabs.harvard.edu/abs/2007CSE.....9...90H},
  adsnote = {Provided by the SAO/NASA Astrophysics Data System}
}

@article{scikit-learn,
 title={Scikit-learn: Machine Learning in {P}ython},
 author={Pedregosa, F. and Varoquaux, G. and Gramfort, A. and Michel, V.
         and Thirion, B. and Grisel, O. and Blondel, M. and Prettenhofer, P.
         and Weiss, R. and Dubourg, V. and Vanderplas, J. and Passos, A. and
         Cournapeau, D. and Brucher, M. and Perrot, M. and Duchesnay, E.},
 journal={Journal of Machine Learning Research},
 volume={12},
 pages={2825--2830},
 year={2011}
}

@ARTICLE{astropy,
   author = {{Astropy Collaboration} and {Robitaille}, T.~P. and {Tollerud}, E.~J. and 
    {Greenfield}, P. and {Droettboom}, M. and {Bray}, E. and {Aldcroft}, T. and 
    {Davis}, M. and {Ginsburg}, A. and {Price-Whelan}, A.~M. and 
    {Kerzendorf}, W.~E. and {Conley}, A. and {Crighton}, N. and 
    {Barbary}, K. and {Muna}, D. and {Ferguson}, H. and {Grollier}, F. and 
    {Parikh}, M.~M. and {Nair}, P.~H. and {Unther}, H.~M. and {Deil}, C. and 
    {Woillez}, J. and {Conseil}, S. and {Kramer}, R. and {Turner}, J.~E.~H. and 
    {Singer}, L. and {Fox}, R. and {Weaver}, B.~A. and {Zabalza}, V. and 
    {Edwards}, Z.~I. and {Azalee Bostroem}, K. and {Burke}, D.~J. and 
    {Casey}, A.~R. and {Crawford}, S.~M. and {Dencheva}, N. and 
    {Ely}, J. and {Jenness}, T. and {Labrie}, K. and {Lian Lim}, P. and 
    {Pierfederici}, F. and {Pontzen}, A. and {Ptak}, A. and {Refsdal}, B. and 
    {Servillat}, M. and {Streicher}, O.},
    title = "{Astropy: A community Python package for astronomy}",
  journal = {\aap},
 keywords = {methods: data analysis, methods: miscellaneous, virtual observatory tools},
     year = 2013,
    month = oct,
   volume = 558,
      eid = {A33},
    pages = {A33},
      doi = {10.1051/0004-6361/201322068},
   adsurl = {http://adsabs.harvard.edu/abs/2013A%26A...558A..33A},
  adsnote = {Provided by the SAO/NASA Astrophysics Data System}
}

@inproceedings{jupyter,
  title={Jupyter Notebooks-a publishing format for reproducible computational workflows.},
  author={Kluyver, Thomas and Ragan-Kelley, Benjamin and P{\'e}rez, Fernando and Granger, Brian E and Bussonnier, Matthias and Frederic, Jonathan and Kelley, Kyle and Hamrick, Jessica B and Grout, Jason and Corlay, Sylvain and others},
  booktitle={ELPUB},
  pages={87--90},
  year={2016}
}
@ARTICLE{2015MNRAS.448.1767C,
   author = {{Courtois}, H.~M. and {Zaritsky}, D. and {Sorce}, J.~G. and 
	{Pomar{\`e}de}, D.},
    title = "{Giant disc galaxies: where environment trumps mass in galaxy evolution}",
  journal = {\mnras},
archivePrefix = "arXiv",
   eprint = {1502.00292},
 keywords = {galaxies: evolution},
     year = 2015,
    month = apr,
   volume = 448,
    pages = {1767-1778},
      doi = {10.1093/mnras/stv071},
   adsurl = {http://adsabs.harvard.edu/abs/2015MNRAS.448.1767C},
  adsnote = {Provided by the SAO/NASA Astrophysics Data System}
}

@ARTICLE{2014Natur.506...63C,
   author = {{Cantalupo}, S. and {Arrigoni-Battaia}, F. and {Prochaska}, J.~X. and 
	{Hennawi}, J.~F. and {Madau}, P.},
    title = "{A cosmic web filament revealed in Lyman-{$\alpha$} emission around a luminous high-redshift quasar}",
  journal = {\nat},
archivePrefix = "arXiv",
   eprint = {1401.4469},
     year = 2014,
    month = feb,
   volume = 506,
    pages = {63-66},
      doi = {10.1038/nature12898},
   adsurl = {http://adsabs.harvard.edu/abs/2014Natur.506...63C},
  adsnote = {Provided by the SAO/NASA Astrophysics Data System}
}

@ARTICLE{2010ApJ...717..289S,
   author = {{Steidel}, C.~C. and {Erb}, D.~K. and {Shapley}, A.~E. and {Pettini}, M. and 
	{Reddy}, N. and {Bogosavljevi{\'c}}, M. and {Rudie}, G.~C. and 
	{Rakic}, O.},
    title = "{The Structure and Kinematics of the Circumgalactic Medium from Far-ultraviolet Spectra of z \~{}= 2-3 Galaxies}",
  journal = {\apj},
archivePrefix = "arXiv",
   eprint = {1003.0679},
 keywords = {cosmology: observations, galaxies: evolution, galaxies: high-redshift},
     year = 2010,
    month = jul,
   volume = 717,
    pages = {289-322},
      doi = {10.1088/0004-637X/717/1/289},
   adsurl = {http://adsabs.harvard.edu/abs/2010ApJ...717..289S},
  adsnote = {Provided by the SAO/NASA Astrophysics Data System}
}

@ARTICLE{2012MNRAS.424.1672D,
   author = {{Dijkstra}, M. and {Kramer}, R.},
    title = "{Line transfer through clumpy, large-scale outflows: Ly {$\alpha$} absorption and haloes around star-forming galaxies}",
  journal = {\mnras},
archivePrefix = "arXiv",
   eprint = {1203.3803},
 keywords = {radiative transfer, scattering, ISM: jets and outflows, galaxies: formation, intergalactic medium, quasars: absorption lines },
     year = 2012,
    month = aug,
   volume = 424,
    pages = {1672-1693},
      doi = {10.1111/j.1365-2966.2012.21131.x},
   adsurl = {http://adsabs.harvard.edu/abs/2012MNRAS.424.1672D},
  adsnote = {Provided by the SAO/NASA Astrophysics Data System}
}

@ARTICLE{2005MNRAS.358.1453O,
   author = {{Ott}, J. and {Walter}, F. and {Brinks}, E.},
    title = "{A Chandra X-ray survey of nearby dwarf starburst galaxies - II. Starburst properties and outflows}",
  journal = {\mnras},
   eprint = {astro-ph/0501528},
 keywords = {ISM: jets and outflows, galaxies: dwarf, intergalactic medium, galaxies: starburst, X-rays: galaxies, X-rays: ISM},
     year = 2005,
    month = apr,
   volume = 358,
    pages = {1453-1471},
      doi = {10.1111/j.1365-2966.2005.08863.x},
   adsurl = {http://adsabs.harvard.edu/abs/2005MNRAS.358.1453O},
  adsnote = {Provided by the SAO/NASA Astrophysics Data System}
}

@ARTICLE{1998ApJ...506..222M,
   author = {{Martin}, C.~L.},
    title = "{The Impact of Star Formation on the Interstellar Medium in Dwarf Galaxies. II. The Formation of Galactic Winds}",
  journal = {\apj},
   eprint = {astro-ph/9804165},
 keywords = {GALAXIES: ISM, SHOCK WAVES, STARS: FORMATION, Galaxies: ISM, Shock Waves, Stars: Formation},
     year = 1998,
    month = oct,
   volume = 506,
    pages = {222-252},
      doi = {10.1086/306219},
   adsurl = {http://adsabs.harvard.edu/abs/1998ApJ...506..222M},
  adsnote = {Provided by the SAO/NASA Astrophysics Data System}
}

@ARTICLE{2009A&A...493..871S,
   author = {{Swaters}, R.~A. and {Sancisi}, R. and {van Albada}, T.~S. and 
	{van der Hulst}, J.~M.},
    title = "{The rotation curves shapes of late-type dwarf galaxies}",
  journal = {\aap},
archivePrefix = "arXiv",
   eprint = {0901.4222},
 primaryClass = "astro-ph.CO",
 keywords = {surveys, galaxies: dwarf, galaxies: irregular, galaxies: kinematics and dynamics},
     year = 2009,
    month = jan,
   volume = 493,
    pages = {871-892},
      doi = {10.1051/0004-6361:200810516},
   adsurl = {http://adsabs.harvard.edu/abs/2009A%26A...493..871S},
  adsnote = {Provided by the SAO/NASA Astrophysics Data System}
}

@ARTICLE{2013MNRAS.434.2491G,
   author = {{Gavil{\'a}n}, M. and {Ascasibar}, Y. and {Moll{\'a}}, M. and 
	{D{\'{\i}}az}, {\'A}.~I.},
    title = "{The chemical case for no winds in dwarf irregular galaxies}",
  journal = {\mnras},
archivePrefix = "arXiv",
   eprint = {1306.6565},
 keywords = {galaxies: abundances, galaxies: dwarf, galaxies: evolution, galaxies: formation},
     year = 2013,
    month = sep,
   volume = 434,
    pages = {2491-2502},
      doi = {10.1093/mnras/stt1186},
   adsurl = {http://adsabs.harvard.edu/abs/2013MNRAS.434.2491G},
  adsnote = {Provided by the SAO/NASA Astrophysics Data System}
}

@ARTICLE{2005A&A...433L...1B,
   author = {{Begum}, A. and {Chengalur}, J.~N. and {Karachentsev}, I.~D.
	},
    title = "{A dwarf galaxy with a giant HI disk}",
  journal = {\aap},
   eprint = {astro-ph/0502307},
 keywords = {galaxies: dwarf, galaxies: kinematics and dynamics, galaxies: individual: NGC 3741},
     year = 2005,
    month = apr,
   volume = 433,
    pages = {L1-L4},
      doi = {10.1051/0004-6361:200500026},
   adsurl = {http://adsabs.harvard.edu/abs/2005A%26A...433L...1B},
  adsnote = {Provided by the SAO/NASA Astrophysics Data System}
}

@ARTICLE{2008ApJ...672..888T,
   author = {{Tassis}, K. and {Kravtsov}, A.~V. and {Gnedin}, N.~Y.},
    title = "{Scaling Relations of Dwarf Galaxies without Supernova-driven Winds}",
  journal = {\apj},
   eprint = {astro-ph/0609763},
 keywords = {cosmology: theory, galaxies: abundances, galaxies: dwarf, galaxies: evolution, galaxies: formation, galaxies: fundamental parameters },
     year = 2008,
    month = jan,
   volume = 672,
      eid = {888-903},
    pages = {888-903},
      doi = {10.1086/523880},
   adsurl = {http://adsabs.harvard.edu/abs/2008ApJ...672..888T},
  adsnote = {Provided by the SAO/NASA Astrophysics Data System}
}

@ARTICLE{2016ApJ...832..169P,
   author = {{Poveda-Ruiz}, C.~N. and {Forero-Romero}, J.~E. and {Mu{\~n}oz-Cuartas}, J.~C.
	},
    title = "{Quantifying and Controlling Biases in Estimates of Dark Matter Halo Concentration}",
  journal = {\apj},
archivePrefix = "arXiv",
   eprint = {1609.08179},
 keywords = {dark matter, galaxies: halos, methods: numerical},
     year = 2016,
    month = dec,
   volume = 832,
      eid = {169},
    pages = {169},
      doi = {10.3847/0004-637X/832/2/169},
   adsurl = {http://adsabs.harvard.edu/abs/2016ApJ...832..169P},
  adsnote = {Provided by the SAO/NASA Astrophysics Data System}
}


@ARTICLE{Gronke2016,
   author = {{Gronke}, M. and {Dijkstra}, M.},
    title = "{Lyman-{$\alpha$} Spectra from Multiphase Outflows, and their Connection to Shell Models}",
  journal = {\apj},
archivePrefix = "arXiv",
   eprint = {1604.06805},
 keywords = {galaxies: high-redshift, galaxies: ISM, ISM: clouds, line: formation, radiative transfer, scattering},
     year = 2016,
    month = jul,
   volume = 826,
      eid = {14},
    pages = {14},
      doi = {10.3847/0004-637X/826/1/14},
   adsurl = {http://adsabs.harvard.edu/abs/2016ApJ...826...14G},
  adsnote = {Provided by the SAO/NASA Astrophysics Data System}
}

@ARTICLE{Hayes15,
   author = {{Hayes}, M.},
    title = "{Lyman Alpha Emitting Galaxies in the Nearby Universe}",
  journal = {\pasa},
archivePrefix = "arXiv",
   eprint = {1505.07483},
 keywords = {Galaxies: evolution, Galaxies: individual: Haro 11, iZw 18, SBS 0335-052, Haro 2, Mrk 701, IRAS 08208+2816, Galaxies: starburst, Physical data and processes: radiative transfer, Ultraviolet: galaxies},
     year = 2015,
    month = jul,
   volume = 32,
      eid = {e027},
    pages = {e027},
      doi = {10.1017/pasa.2015.25},
   adsurl = {http://adsabs.harvard.edu/abs/2015PASA...32...27H},
  adsnote = {Provided by the SAO/NASA Astrophysics Data System}
}


@ARTICLE{2016ApJ...828...71D,
   author = {{Dijkstra}, M. and {Gronke}, M. and {Venkatesan}, A.},
    title = "{The Ly{$\alpha$}-LyC Connection: Evidence for an Enhanced Contribution of UV-faint Galaxies to Cosmic Reionization}",
  journal = {\apj},
archivePrefix = "arXiv",
   eprint = {1604.08208},
 keywords = {dark ages, reionization, first stars, galaxies: high-redshift, intergalactic medium, line: profiles, radiative transfer, ultraviolet: galaxies},
     year = 2016,
    month = sep,
   volume = 828,
      eid = {71},
    pages = {71},
      doi = {10.3847/0004-637X/828/2/71},
   adsurl = {http://adsabs.harvard.edu/abs/2016ApJ...828...71D},
  adsnote = {Provided by the SAO/NASA Astrophysics Data System}
}

@ARTICLE{2014MNRAS.444.1095G,
   author = {{Gronke}, M. and {Dijkstra}, M.},
    title = "{Directional Ly{$\alpha$} equivalent boosting - I. Spherically symmetric distributions of clumps}",
  journal = {\mnras},
archivePrefix = "arXiv",
   eprint = {1406.6709},
 keywords = {line: formation, radiative transfer, scattering, ISM: clouds, galaxies: high-redshift, galaxies: ISM},
     year = 2014,
    month = oct,
   volume = 444,
    pages = {1095-1103},
      doi = {10.1093/mnras/stu1513},
   adsurl = {http://adsabs.harvard.edu/abs/2014MNRAS.444.1095G},
  adsnote = {Provided by the SAO/NASA Astrophysics Data System}
}

@ARTICLE{2014Natur.513..398S,
   author = {{Seth}, A.~C. and {van den Bosch}, R. and {Mieske}, S. and {Baumgardt}, H. and 
	{Brok}, M.~D. and {Strader}, J. and {Neumayer}, N. and {Chilingarian}, I. and 
	{Hilker}, M. and {McDermid}, R. and {Spitler}, L. and {Brodie}, J. and 
	{Frank}, M.~J. and {Walsh}, J.~L.},
    title = "{A supermassive black hole in an ultra-compact dwarf galaxy}",
  journal = {\nat},
archivePrefix = "arXiv",
   eprint = {1409.4769},
     year = 2014,
    month = sep,
   volume = 513,
    pages = {398-400},
      doi = {10.1038/nature13762},
   adsurl = {http://adsabs.harvard.edu/abs/2014Natur.513..398S},
  adsnote = {Provided by the SAO/NASA Astrophysics Data System}
}


@ARTICLE{2003A&A...410..481N,
   author = {{Noeske}, K.~G. and {Papaderos}, P. and {Cair{\'o}s}, L.~M. and 
	{Fricke}, K.~J.},
    title = "{New insights to the photometric structure of Blue Compact Dwarf galaxies from deep Near-Infrared studies. I. Observations, surface photometry and decomposition  of surface brightness profiles}",
  journal = {\aap},
   eprint = {astro-ph/0307530},
 keywords = {galaxies: dwarf, galaxies: evolution, galaxies: structure, galaxies: starburst},
     year = 2003,
    month = nov,
   volume = 410,
    pages = {481-509},
      doi = {10.1051/0004-6361:20031147},
   adsurl = {http://adsabs.harvard.edu/abs/2003A%26A...410..481N},
  adsnote = {Provided by the SAO/NASA Astrophysics Data System}
}

@ARTICLE{2014PASP..126.1079M,
   author = {{Madden}, S.~C. and {R{\'e}my-Ruyer}, A. and {Galametz}, M. and 
	{Cormier}, D. and {Lebouteiller}, V. and {Galliano}, F. and 
	{Hony}, S. and {Bendo}, G.~J. and {Smith}, M.~W.~L. and {Pohlen}, M. and 
	{Roussel}, H. and {Sauvage}, M. and {Wu}, R. and {Sturm}, E. and 
	{Poglitsch}, A. and {Contursi}, A. and {Doublier}, V. and {Baes}, M. and 
	{Barlow}, M.~J. and {Boselli}, A. and {Boquien}, M. and {Carlson}, L.~R. and 
	{Ciesla}, L. and {Cooray}, A. and {Cortese}, L. and {De Looze}, I. and 
	{Irwin}, J.~A. and {Isaak}, K. and {Kamenetzky}, J. and {Karczewski}, O.~{\L}. and 
	{Lu}, N. and {MacHattie}, J.~A. and {O'Halloran}, B. and {Parkin}, T.~J. and 
	{Rangwala}, N. and {Schirm}, M.~R.~P. and {Schulz}, B. and {Spinoglio}, L. and 
	{Vaccari}, M. and {Wilson}, C.~D. and {Wozniak}, H.},
    title = "{An Overview of the Dwarf Galaxy Survey (PASP, 125, 600, [2013]) - Corrigendum}",
  journal = {\pasp},
     year = 2014,
    month = nov,
   volume = 126,
    pages = {1079-1080},
      doi = {10.1086/679312},
   adsurl = {http://adsabs.harvard.edu/abs/2014PASP..126.1079M},
  adsnote = {Provided by the SAO/NASA Astrophysics Data System}
}

@ARTICLE{1998ApJ...498L..93D,
   author = {{Dey}, A. and {Spinrad}, H. and {Stern}, D. and {Graham}, J.~R. and 
	{Chaffee}, F.~H.},
    title = "{A Galaxy at z = 5.34}",
  journal = {\apjl},
   eprint = {astro-ph/9803137},
 keywords = {COSMOLOGY: EARLY UNIVERSE, GALAXIES: FORMATION, GALAXIES: EVOLUTION, GALAXIES: DISTANCES AND REDSHIFTS, Galaxies: Distances and Redshifts, Galaxies: Evolution, Galaxies: Formation, Cosmology: Early Universe},
     year = 1998,
    month = may,
   volume = 498,
    pages = {L93-L97},
      doi = {10.1086/311331},
   adsurl = {http://adsabs.harvard.edu/abs/1998ApJ...498L..93D},
  adsnote = {Provided by the SAO/NASA Astrophysics Data System}
}


@ARTICLE{2001AJ....121..169F,
   author = {{Fricke}, K.~J. and {Izotov}, Y.~I. and {Papaderos}, P. and 
	{Guseva}, N.~G. and {Thuan}, T.~X.},
    title = "{An Imaging and Spectroscopic Study of the Very Metal-deficient Blue Compact Dwarf Galaxy Tol 1214-277}",
  journal = {\aj},
   eprint = {astro-ph/0011227},
 keywords = {Galaxies: Abundances, Galaxies: Starburst, Galaxies: Stellar Content, ISM: H II Regions, Stars: Wolf-Rayet},
     year = 2001,
    month = jan,
   volume = 121,
    pages = {169-181},
      doi = {10.1086/318016},
   adsurl = {http://adsabs.harvard.edu/abs/2001AJ....121..169F},
  adsnote = {Provided by the SAO/NASA Astrophysics Data System}
}

@ARTICLE{2003AJ....126.1794G,
   author = {{Geha}, M. and {Guhathakurta}, P. and {van der Marel}, R.~P.
	},
    title = "{Internal Dynamics, Structure, and Formation of Dwarf Elliptical Galaxies. II. Rotating versus Nonrotating Dwarfs}",
  journal = {\aj},
   eprint = {astro-ph/0304537},
 keywords = {Galaxies: Abundances, Galaxies: Dwarf, Galaxies: Kinematics and Dynamics},
     year = 2003,
    month = oct,
   volume = 126,
    pages = {1794-1810},
      doi = {10.1086/377624},
   adsurl = {http://adsabs.harvard.edu/abs/2003AJ....126.1794G},
  adsnote = {Provided by the SAO/NASA Astrophysics Data System}
}


@ARTICLE{2000ApJ...545L..85R,
   author = {{Rhoads}, J.~E. and {Malhotra}, S. and {Dey}, A. and {Stern}, D. and 
	{Spinrad}, H. and {Jannuzi}, B.~T.},
    title = "{First Results from the Large-Area Lyman Alpha Survey}",
  journal = {\apjl},
   eprint = {astro-ph/0003465},
 keywords = {Galaxies: General},
     year = 2000,
    month = dec,
   volume = 545,
    pages = {L85-L88},
      doi = {10.1086/317874},
   adsurl = {http://adsabs.harvard.edu/abs/2000ApJ...545L..85R},
  adsnote = {Provided by the SAO/NASA Astrophysics Data System}
}

@ARTICLE{2016ApJ...828....5M,
   author = {{Mej{\'{\i}}a-Restrepo}, J.~E. and {Forero-Romero}, J.~E.},
    title = "{Impact of Cosmic Variance on the Galaxy-Halo Connection for Ly{$\alpha$} Emitters}",
  journal = {\apj},
archivePrefix = "arXiv",
   eprint = {1606.07443},
 keywords = {dark matter, galaxies: halos, galaxies: high-redshift, galaxies: statistics, methods: numerical},
     year = 2016,
    month = sep,
   volume = 828,
      eid = {5},
    pages = {5},
      doi = {10.3847/0004-637X/828/1/5},
   adsurl = {http://adsabs.harvard.edu/abs/2016ApJ...828....5M},
  adsnote = {Provided by the SAO/NASA Astrophysics Data System}
}


@ARTICLE{2015ApJ...805...14R,
   author = {{Rivera-Thorsen}, T.~E. and {Hayes}, M. and {{\"O}stlin}, G. and 
	{Duval}, F. and {Orlitov{\'a}}, I. and {Verhamme}, A. and {Mas-Hesse}, J.~M. and 
	{Schaerer}, D. and {Cannon}, J.~M. and {Ot{\'{\i}}-Floranes}, H. and 
	{Sandberg}, A. and {Guaita}, L. and {Adamo}, A. and {Atek}, H. and 
	{Herenz}, E.~C. and {Kunth}, D. and {Laursen}, P. and {Melinder}, J.
	},
    title = "{The Lyman Alpha Reference Sample. V. The Impact of Neutral ISM Kinematics and Geometry on Ly{$\alpha$} Escape}",
  journal = {\apj},
archivePrefix = "arXiv",
   eprint = {1503.01157},
 keywords = {cosmology: observations, galaxies: ISM, galaxies: kinematics and dynamics, galaxies: starburst},
     year = 2015,
    month = may,
   volume = 805,
      eid = {14},
    pages = {14},
      doi = {10.1088/0004-637X/805/1/14},
   adsurl = {http://adsabs.harvard.edu/abs/2015ApJ...805...14R},
  adsnote = {Provided by the SAO/NASA Astrophysics Data System}
}


@ARTICLE{2006A&A...460..397V,
   author = {{Verhamme}, A. and {Schaerer}, D. and {Maselli}, A.},
    title = "{3D Ly{$\alpha$} radiation transfer. I. Understanding Ly{$\alpha$} line profile morphologies}",
  journal = {\aap},
   eprint = {astro-ph/0608075},
 keywords = {galaxies: starburst, galaxies: ISM, galaxies: high-redshift, utraviolet: galaxies, radiative transfer, line: profiles},
     year = 2006,
    month = dec,
   volume = 460,
    pages = {397-413},
      doi = {10.1051/0004-6361:20065554},
   adsurl = {http://adsabs.harvard.edu/abs/2006A%26A...460..397V},
  adsnote = {Provided by the SAO/NASA Astrophysics Data System}
}

@ARTICLE{2015ApJ...812..123G,
   author = {{Gronke}, M. and {Bull}, P. and {Dijkstra}, M.},
    title = "{A Systematic Study of Lyman-{$\alpha$} Transfer through Outflowing Shells: Model Parameter Estimation}",
  journal = {\apj},
archivePrefix = "arXiv",
   eprint = {1506.03836},
 keywords = {galaxies: high-redshift, galaxies: ISM, ISM: clouds, line: formation, radiative transfer, scattering},
     year = 2015,
    month = oct,
   volume = 812,
      eid = {123},
    pages = {123},
      doi = {10.1088/0004-637X/812/2/123},
   adsurl = {http://adsabs.harvard.edu/abs/2015ApJ...812..123G},
  adsnote = {Provided by the SAO/NASA Astrophysics Data System}
}

@ARTICLE{2014Msngr.157...13B,
   author = {{Bacon}, R. and {Vernet}, J. and {Borisova}, E. and {Bouch{\'e}}, N. and 
	{Brinchmann}, J. and {Carollo}, M. and {Carton}, D. and {Caruana}, J. and 
	{Cerda}, S. and {Contini}, T. and {Franx}, M. and {Girard}, M. and 
	{Guerou}, A. and {Haddad}, N. and {Hau}, G. and {Herenz}, C. and 
	{Herrera}, J.~C. and {Husemann}, B. and {Husser}, T.-O. and 
	{Jarno}, A. and {Kamann}, S. and {Krajnovic}, D. and {Lilly}, S. and 
	{Mainieri}, V. and {Martinsson}, T. and {Palsa}, R. and {Patricio}, V. and 
	{P{\'e}contal}, A. and {Pello}, R. and {Piqueras}, L. and {Richard}, J. and 
	{Sandin}, C. and {Schroetter}, I. and {Selman}, F. and {Shirazi}, M. and 
	{Smette}, A. and {Soto}, K. and {Streicher}, O. and {Urrutia}, T. and 
	{Weilbacher}, P. and {Wisotzki}, L. and {Zins}, G.},
    title = "{MUSE Commissioning}",
  journal = {The Messenger},
     year = 2014,
    month = sep,
   volume = 157,
    pages = {13-16},
   adsurl = {http://adsabs.harvard.edu/abs/2014Msngr.157...13B},
  adsnote = {Provided by the SAO/NASA Astrophysics Data System}
}

@ARTICLE{2014PASA...31...40D,
   author = {{Dijkstra}, M.},
    title = "{Ly{$\alpha$} Emitting Galaxies as a Probe of Reionisation}",
  journal = {\pasa},
archivePrefix = "arXiv",
   eprint = {1406.7292},
 keywords = {cosmology: dark ages, reionisation, first stars, galaxies: intergalactic medium, high redshift, radiative transfer, scattering, ultraviolet: galaxies},
     year = 2014,
    month = oct,
   volume = 31,
      eid = {e040},
    pages = {e040},
      doi = {10.1017/pasa.2014.33},
   adsurl = {http://adsabs.harvard.edu/abs/2014PASA...31...40D},
  adsnote = {Provided by the SAO/NASA Astrophysics Data System}
}

@ARTICLE{2011ApJ...726..108T,
   author = {{Tollerud}, E.~J. and {Bullock}, J.~S. and {Graves}, G.~J. and 
	{Wolf}, J.},
    title = "{From Galaxy Clusters to Ultra-faint Dwarf Spheroidals: A Fundamental Curve Connecting Dispersion-supported Galaxies to Their Dark Matter Halos}",
  journal = {\apj},
archivePrefix = "arXiv",
   eprint = {1007.5311},
 primaryClass = "astro-ph.CO",
 keywords = {dark matter, galaxies: clusters: general, galaxies: dwarf, galaxies: elliptical and lenticular, cD, galaxies: fundamental parameters, Local Group},
     year = 2011,
    month = jan,
   volume = 726,
      eid = {108},
    pages = {108},
      doi = {10.1088/0004-637X/726/2/108},
   adsurl = {http://adsabs.harvard.edu/abs/2011ApJ...726..108T},
  adsnote = {Provided by the SAO/NASA Astrophysics Data System}
}

@ARTICLE{2009ApJ...698.1590G,
   author = {{Graves}, G.~J. and {Faber}, S.~M. and {Schiavon}, R.~P.},
    title = "{Dissecting the Red Sequence. II. Star Formation Histories of Early-Type Galaxies Throughout the Fundamental Plane}",
  journal = {\apj},
archivePrefix = "arXiv",
   eprint = {0903.3603},
 primaryClass = "astro-ph.CO",
 keywords = {galaxies: abundances, galaxies: elliptical and lenticular, cD},
     year = 2009,
    month = jun,
   volume = 698,
    pages = {1590-1608},
      doi = {10.1088/0004-637X/698/2/1590},
   adsurl = {http://adsabs.harvard.edu/abs/2009ApJ...698.1590G},
  adsnote = {Provided by the SAO/NASA Astrophysics Data System}
}


@ARTICLE{2012AJ....143..139E,
   author = {{Eskew}, M. and {Zaritsky}, D. and {Meidt}, S.},
    title = "{Converting from 3.6 and 4.5 {$\mu$}m Fluxes to Stellar Mass}",
  journal = {\aj},
archivePrefix = "arXiv",
   eprint = {1204.0524},
 keywords = {galaxies: fundamental parameters, galaxies: stellar content, Magellanic Clouds},
     year = 2012,
    month = jun,
   volume = 143,
      eid = {139},
    pages = {139},
      doi = {10.1088/0004-6256/143/6/139},
   adsurl = {http://adsabs.harvard.edu/abs/2012AJ....143..139E},
  adsnote = {Provided by the SAO/NASA Astrophysics Data System}
}


@ARTICLE{2008ApJ...678..804E,
   author = {{Engelbracht}, C.~W. and {Rieke}, G.~H. and {Gordon}, K.~D. and 
	{Smith}, J.-D.~T. and {Werner}, M.~W. and {Moustakas}, J. and 
	{Willmer}, C.~N.~A. and {Vanzi}, L.},
    title = "{Metallicity Effects on Dust Properties in Starbursting Galaxies}",
  journal = {\apj},
archivePrefix = "arXiv",
   eprint = {0801.1700},
 keywords = {galaxies: ISM, infrared: galaxies},
     year = 2008,
    month = may,
   volume = 678,
      eid = {804-827},
    pages = {804-827},
      doi = {10.1086/529513},
   adsurl = {http://adsabs.harvard.edu/abs/2008ApJ...678..804E},
  adsnote = {Provided by the SAO/NASA Astrophysics Data System}
}


@ARTICLE{GaravitoCamargo2014,
   author = {{Garavito-Camargo}, J.~N. and {Forero-Romero}, J.~E. and {Dijkstra}, M.
	},
    title = "{The Impact of Gas Bulk Rotation on the Ly{$\alpha$} Line}",
  journal = {\apj},
archivePrefix = "arXiv",
   eprint = {1408.2561},
 keywords = {galaxies: high-redshift, line: formation, methods: numerical, radiative transfer},
     year = 2014,
    month = nov,
   volume = 795,
      eid = {120},
    pages = {120},
      doi = {10.1088/0004-637X/795/2/120},
   adsurl = {http://adsabs.harvard.edu/abs/2014ApJ...795..120G},
  adsnote = {Provided by the SAO/NASA Astrophysics Data System}
}

@ARTICLE{Seth2014,
   author = {{Seth}, A.~C. and {van den Bosch}, R. and {Mieske}, S. and {Baumgardt}, H. and 
	{Brok}, M.~D. and {Strader}, J. and {Neumayer}, N. and {Chilingarian}, I. and 
	{Hilker}, M. and {McDermid}, R. and {Spitler}, L. and {Brodie}, J. and 
	{Frank}, M.~J. and {Walsh}, J.~L.},
    title = "{A supermassive black hole in an ultra-compact dwarf galaxy}",
  journal = {\nat},
archivePrefix = "arXiv",
   eprint = {1409.4769},
     year = 2014,
    month = sep,
   volume = 513,
    pages = {398-400},
      doi = {10.1038/nature13762},
   adsurl = {http://adsabs.harvard.edu/abs/2014Natur.513..398S},
  adsnote = {Provided by the SAO/NASA Astrophysics Data System}
}

@ARTICLE{PartridgePeebles,
   author = {{Partridge}, R.~B. and {Peebles}, P.~J.~E.},
    title = "{Are Young Galaxies Visible?}",
  journal = {\apj},
     year = 1967,
    month = mar,
   volume = 147,
    pages = {868},
      doi = {10.1086/149079},
   adsurl = {http://adsabs.harvard.edu/abs/1967ApJ...147..868P},
  adsnote = {Provided by the SAO/NASA Astrophysics Data System}
}

@ARTICLE{Hummer1987,
   author = {{Hummer}, D.~G. and {Storey}, P.~J.},
    title = "{Recombination-line intensities for hydrogenic ions. I - Case B calculations for H I and He II}",
  journal = {\mnras},
 keywords = {Helium, Hydrogen Ions, Infrared Spectroscopy, Ion Recombination, Line Spectra, Stellar Spectra, Collision Rates, Density Distribution, Electron Distribution, Ion Temperature, Ionic Collisions, Quantum Numbers},
     year = 1987,
    month = feb,
   volume = 224,
    pages = {801-820},
      doi = {10.1093/mnras/224.3.801},
   adsurl = {http://adsabs.harvard.edu/abs/1987MNRAS.224..801H},
  adsnote = {Provided by the SAO/NASA Astrophysics Data System}
}

@article{Fricke01,
  author={Klaus J. Fricke and Yuri I. Izotov and Polychronis Papaderos and Natalia G. Guseva and Trinh X. Thuan},
  title={An Imaging and Spectroscopic Study of the Very Metal-deficient Blue Compact Dwarf Galaxy Tol 1214-277},
  journal={The Astronomical Journal},
  volume={121},
  number={1},
  pages={169},
  url={http://stacks.iop.org/1538-3881/121/i=1/a=169},
  year={2001}
}

@ARTICLE{pustilnikmartin07,
   author = {{Pustilnik}, S.~A. and {Martin}, J.-M.},
    title = "{H I study of extremely metal-deficient dwarf galaxies. I. The Nan{\c c}ay radio telescope observations of twenty-two objects}",
  journal = {\aap},
   eprint = {astro-ph/0701505},
 keywords = {galaxies: dwarf, galaxies: ISM, galaxies: evolution, galaxies: abundances, radio lines: ISM, galaxies: starburst},
     year = 2007,
    month = mar,
   volume = 464,
    pages = {859-869},
      doi = {10.1051/0004-6361:20066137},
   adsurl = {http://cdsads.u-strasbg.fr/abs/2007A%26A...464..859P},
  adsnote = {Provided by the SAO/NASA Astrophysics Data System}
}

@ARTICLE{2012ApJ...751...29Y,
   author = {{Yamada}, T. and {Matsuda}, Y. and {Kousai}, K. and {Hayashino}, T. and 
	{Morimoto}, N. and {Umemura}, M.},
    title = "{Profiles of Ly{$\alpha$} Emission Lines of the Emitters at z = 3.1}",
  journal = {\apj},
archivePrefix = "arXiv",
   eprint = {1203.3633},
 keywords = {galaxies: evolution, galaxies: formation, galaxies: high-redshift, galaxies: kinematics and dynamics, galaxies: star formation},
     year = 2012,
    month = may,
   volume = 751,
      eid = {29},
    pages = {29},
      doi = {10.1088/0004-637X/751/1/29},
   adsurl = {http://adsabs.harvard.edu/abs/2012ApJ...751...29Y},
  adsnote = {Provided by the SAO/NASA Astrophysics Data System}
}


@ARTICLE{mashesse03,
   author = {{Mas-Hesse}, J.~M. and {Kunth}, D. and {Tenorio-Tagle}, G. and 
	{Leitherer}, C. and {Terlevich}, R.~J. and {Terlevich}, E.},
    title = "{Ly{$\alpha$} Emission in Starbursts: Implications for Galaxies at High Redshift}",
  journal = {\apj},
   eprint = {astro-ph/0309396},
 keywords = {Galaxies: Halos, Galaxies: High-Redshift, Galaxies: ISM, Galaxies: Starburst, ISM: Bubbles, Ultraviolet: Galaxies},
     year = 2003,
    month = dec,
   volume = 598,
    pages = {858-877},
      doi = {10.1086/379116},
   adsurl = {http://adsabs.harvard.edu/abs/2003ApJ...598..858M},
  adsnote = {Provided by the SAO/NASA Astrophysics Data System}
}

@ARTICLE{Izotov04,
   author = {{Izotov}, Y.~I. and {Papaderos}, P. and {Guseva}, N.~G. and 
	{Fricke}, K.~J. and {Thuan}, T.~X.},
    title = "{Deep VLT spectroscopy of the blue compact dwarf galaxies Tol 1214-277 and Tol 65}",
  journal = {\aap},
   eprint = {astro-ph/0408392},
 keywords = {galaxies: starburst, galaxies: abundances, galaxies: individual: Tol 1214-277, galaxies: individual: Tol 65},
     year = 2004,
    month = jul,
   volume = 421,
    pages = {539-554},
      doi = {10.1051/0004-6361:20035847},
   adsurl = {http://adsabs.harvard.edu/abs/2004A%26A...421..539I},
  adsnote = {Provided by the SAO/NASA Astrophysics Data System}
}

@ARTICLE{Herenz16,
   author = {{Herenz}, E.~C. and {Gruyters}, P. and {Orlitova}, I. and {Hayes}, M. and 
	{{\"O}stlin}, G. and {Cannon}, J.~M. and {Roth}, M.~M. and {Bik}, A. and 
	{Pardy}, S. and {Ot{\'{\i}}-Floranes}, H. and {Mas-Hesse}, J.~M. and 
	{Adamo}, A. and {Atek}, H. and {Duval}, F. and {Guaita}, L. and 
	{Kunth}, D. and {Laursen}, P. and {Melinder}, J. and {Puschnig}, J. and 
	{Rivera-Thorsen}, T.~E. and {Schaerer}, D. and {Verhamme}, A.
	},
    title = "{The Lyman alpha reference sample. VII. Spatially resolved H{$\alpha$} kinematics}",
  journal = {\aap},
archivePrefix = "arXiv",
   eprint = {1511.05406},
 keywords = {galaxies: ISM, galaxies: starburst, cosmology: observations, ultraviolet: galaxies, radiative transfer},
     year = 2016,
    month = mar,
   volume = 587,
      eid = {A78},
    pages = {A78},
      doi = {10.1051/0004-6361/201527373},
   adsurl = {http://adsabs.harvard.edu/abs/2016A%26A...587A..78H},
  adsnote = {Provided by the SAO/NASA Astrophysics Data System}
}



@ARTICLE{2015A&A...578A...7V,
   author = {{Verhamme}, A. and {Orlitov{\'a}}, I. and {Schaerer}, D. and 
	{Hayes}, M.},
    title = "{Using Lyman-{$\alpha$} to detect galaxies that leak Lyman continuum}",
  journal = {\aap},
archivePrefix = "arXiv",
   eprint = {1404.2958},
 keywords = {line: profiles, radiative transfer, galaxies: ISM, ultraviolet: galaxies, galaxies: kinematics and dynamics, galaxies: star clusters: general},
     year = 2015,
    month = jun,
   volume = 578,
      eid = {A7},
    pages = {A7},
      doi = {10.1051/0004-6361/201423978},
   adsurl = {http://adsabs.harvard.edu/abs/2015A%26A...578A...7V},
  adsnote = {Provided by the SAO/NASA Astrophysics Data System}
}


@ARTICLE{Thuan97,
   author = {{Thuan}, T.~X. and {Izotov}, Y.~I.},
    title = "{Nearby Young Dwarf Galaxies: Primordial Gas and Ly{$\alpha$} Emission}",
  journal = {\apj},
 keywords = {Galaxies: Abundances, Galaxies: Compact, Galaxies: Irregular, Galaxies: ISM, ISM: H II Regions, Ultraviolet: Galaxies},
     year = 1997,
    month = nov,
   volume = 489,
    pages = {623-635},
   adsurl = {http://adsabs.harvard.edu/abs/1997ApJ...489..623T},
  adsnote = {Provided by the SAO/NASA Astrophysics Data System}
}



@ARTICLE{Chonis2013,
   author = {{Chonis}, T.~S. and {Blanc}, G.~A. and {Hill}, G.~J. and {Adams}, J.~J. and
        {Finkelstein}, S.~L. and {Gebhardt}, K. and {Kollmeier}, J.~A. and
        {Ciardullo}, R. and {Drory}, N. and {Gronwall}, C. and {Hagen}, A. and
        {Overzier}, R.~A. and {Song}, M. and {Zeimann}, G.~R.},
    title = "{The Spectrally Resolved Ly{$\alpha$} Emission of Three Ly{$\alpha$}-selected Field Galaxies at z \~{} 2.4 from the HETDEX Pilot Survey}",
  journal = {\apj},
archivePrefix = "arXiv",
   eprint = {1308.1957},
 primaryClass = "astro-ph.CO",
 keywords = {galaxies: evolution, galaxies: high-redshift, galaxies: ISM, galaxies: starburst, line: profiles, radiative transfer},
     year = 2013,
    month = oct,
   volume = 775,
      eid = {99},
    pages = {99},
      doi = {10.1088/0004-637X/775/2/99},
   adsurl = {http://adsabs.harvard.edu/abs/2013ApJ...775...99C},
  adsnote = {Provided by the SAO/NASA Astrophysics Data System}
}

@ARTICLE{Narayanan2012,
   author = {{Narayanan}, D. and {Bothwell}, M. and {Dav{\'e}}, R.},
    title = "{Galaxy gas fractions at high redshift: the tension between observations and cosmological simulations}",
  journal = {\mnras},
archivePrefix = "arXiv",
   eprint = {1209.0771},
 primaryClass = "astro-ph.CO",
 keywords = {ISM: molecules, galaxies: formation, galaxies: high-redshift, galaxies: ISM, galaxies: starburst},
     year = 2012,
    month = oct,
   volume = 426,
    pages = {1178-1184},
      doi = {10.1111/j.1365-2966.2012.21893.x},
   adsurl = {http://adsabs.harvard.edu/abs/2012MNRAS.426.1178N},
  adsnote = {Provided by the SAO/NASA Astrophysics Data System}
}
@ARTICLE{Planck2015,
   author = {{Planck Collaboration} and {Ade}, P.~A.~R. and {Aghanim}, N. and 
        {Arnaud}, M. and {Ashdown}, M. and {Aumont}, J. and {Baccigalupi}, C. and 
        {Banday}, A.~J. and {Barreiro}, R.~B. and {Bartlett}, J.~G. and et al.},
    title = "{Planck 2015 results. XIII. Cosmological parameters}",
  journal = {ArXiv e-prints},
archivePrefix = "arXiv",
   eprint = {1502.01589},
 keywords = {Astrophysics - Cosmology and Nongalactic Astrophysics},
     year = 2015,
    month = feb,
   adsurl = {http://adsabs.harvard.edu/abs/2015arXiv150201589P},
  adsnote = {Provided by the SAO/NASA Astrophysics Data System}
}

@ARTICLE{WalkerSoler2012,
   author = {{Walker-Soler}, J.~P. and {Gawiser}, E. and {Bond}, N.~A. and 
        {Padilla}, N. and {Francke}, H.},
    title = "{Present-day Descendants of z = 3 Ly{$\alpha$}-emitting Galaxies in the Millennium-II Halo Merger Trees}",
  journal = {\apj},
archivePrefix = "arXiv",
   eprint = {1204.1368},
 primaryClass = "astro-ph.CO",
 keywords = {galaxies: evolution, galaxies: formation, galaxies: high-redshift, large-scale structure of Universe},
     year = 2012,
    month = jun,
   volume = 752,
      eid = {160},
    pages = {160},
      doi = {10.1088/0004-637X/752/2/160},
   adsurl = {http://adsabs.harvard.edu/abs/2012ApJ...752..160W},
  adsnote = {Provided by the SAO/NASA Astrophysics Data System}
}


@ARTICLE{Max,
   author = {{Gronke}, M. and {Dijkstra}, M. and {Trenti}, M. and {Wyithe}, S.
        },
    title = "{Connecting Faint End Slopes of the Lyman-\$$\backslash$alpha\$ emitter and Lyman-break Galaxy Luminosity Functions}",
  journal = {ArXiv e-prints},
archivePrefix = "arXiv",
   eprint = {1502.00022},
 keywords = {Astrophysics - Cosmology and Nongalactic Astrophysics, Astrophysics - Astrophysics of Galaxies},
     year = 2015,
    month = jan,
   adsurl = {http://adsabs.harvard.edu/abs/2015arXiv150200022G},
  adsnote = {Provided by the SAO/NASA Astrophysics Data System}
}



@ARTICLE{Ostlin14,
   author = {{{\"O}stlin}, G. and {Hayes}, M. and {Duval}, F. and {Sandberg}, A. and
        {Rivera-Thorsen}, T. and {Marquart}, T. and {Orlitova}, I. and
        {Adamo}, A. and {Melinder}, J. and {Guaita}, L. and {Atek}, H. and
        {Cannon}, J.~M. and {Gruyters}, P. and {Herenz}, E.~C. and {Kunth}, D. and
        {Laursen}, P. and {Mas-Hesse}, J.~M. and {Micheva}, G. and {Pardy}, H.~O.-F.~S.~A. and
        {Roth}, M.~M. and {Schaerer}, D. and {Verhamme}, A.},
    title = "{The Lyman-alpha Reference Sample: I. Survey outline and first results for Markarian 259}",
  journal = {ArXiv e-prints},
archivePrefix = "arXiv",
   eprint = {1409.8347},
 keywords = {Astrophysics - Astrophysics of Galaxies, 85-05},
     year = 2014,
    month = sep,
   adsurl = {http://adsabs.harvard.edu/abs/2014arXiv1409.8347O},
  adsnote = {Provided by the SAO/NASA Astrophysics Data System}
}


@ARTICLE{Sobral15,
   author = {{Sobral}, D. and {Matthee}, J. and {Darvish}, B. and {Schaerer}, D. and 
	{Mobasher}, B. and {R{\"o}ttgering}, H. and {Santos}, S. and 
	{Hemmati}, S.},
    title = "{Evidence for PopIII-like stellar populations in the most luminous Lyman-\$$\backslash$alpha\$ emitters at the epoch of re-ionisation: spectroscopic confirmation}",
  journal = {ArXiv e-prints},
archivePrefix = "arXiv",
   eprint = {1504.01734},
 keywords = {Astrophysics - Astrophysics of Galaxies, Astrophysics - Cosmology and Nongalactic Astrophysics},
     year = 2015,
    month = apr,
   adsurl = {http://adsabs.harvard.edu/abs/2015arXiv150401734S},
  adsnote = {Provided by the SAO/NASA Astrophysics Data System}
}


@ARTICLE{Coppin09,
   author = {{Coppin}, K.~E.~K. and {Smail}, I. and {Alexander}, D.~M. and 
	{Weiss}, A. and {Walter}, F. and {Swinbank}, A.~M. and {Greve}, T.~R. and 
	{Kovacs}, A. and {De Breuck}, C. and {Dickinson}, M. and {Ibar}, E. and 
	{Ivison}, R.~J. and {Reddy}, N. and {Spinrad}, H. and {Stern}, D. and 
	{Brandt}, W.~N. and {Chapman}, S.~C. and {Dannerbauer}, H. and 
	{van Dokkum}, P. and {Dunlop}, J.~S. and {Frayer}, D. and {Gawiser}, E. and 
	{Geach}, J.~E. and {Huynh}, M. and {Knudsen}, K.~K. and {Koekemoer}, A.~M. and 
	{Lehmer}, B.~D. and {Menten}, K.~M. and {Papovich}, C. and {Rix}, H.-W. and 
	{Schinnerer}, E. and {Wardlow}, J.~L. and {van der Werf}, P.~P.
	},
    title = "{A submillimetre galaxy at z = 4.76 in the LABOCA survey of the Extended Chandra Deep Field-South}",
  journal = {\mnras},
archivePrefix = "arXiv",
   eprint = {0902.4464},
 primaryClass = "astro-ph.GA",
 keywords = {galaxies: evolution , galaxies: formation , galaxies: high-redshift , galaxies: individual: GDSJ033229.29-275619.5 , galaxies: individual: LESSJ033229.4-275619 , submillimetre},
     year = 2009,
    month = jun,
   volume = 395,
    pages = {1905-1914},
      doi = {10.1111/j.1365-2966.2009.14700.x},
   adsurl = {http://adsabs.harvard.edu/abs/2009MNRAS.395.1905C},
  adsnote = {Provided by the SAO/NASA Astrophysics Data System}
}


@ARTICLE{Kotak09,
   author = {{Kotak}, R. and {Meikle}, W.~P.~S. and {Farrah}, D. and {Gerardy}, C.~L. and 
	{Foley}, R.~J. and {Van Dyk}, S.~D. and {Fransson}, C. and {Lundqvist}, P. and 
	{Sollerman}, J. and {Fesen}, R. and {Filippenko}, A.~V. and 
	{Mattila}, S. and {Silverman}, J.~M. and {Andersen}, A.~C. and 
	{H{\"o}flich}, P.~A. and {Pozzo}, M. and {Wheeler}, J.~C.},
    title = "{Dust and The Type II-Plateau Supernova 2004et}",
  journal = {\apj},
archivePrefix = "arXiv",
   eprint = {0904.3737},
 primaryClass = "astro-ph.SR",
 keywords = {circumstellar matter, dust, extinction, supernovae: general, supernovae: individual: SN 2004et},
     year = 2009,
    month = oct,
   volume = 704,
    pages = {306-323},
      doi = {10.1088/0004-637X/704/1/306},
   adsurl = {http://adsabs.harvard.edu/abs/2009ApJ...704..306K},
  adsnote = {Provided by the SAO/NASA Astrophysics Data System}
}


@BOOK{RybickiLightman79,
   author = {{Rybicki}, G.~B. and {Lightman}, A.~P.},
    title = "{Radiative processes in astrophysics}",
 keywords = {Astrophysics, Radiative Transfer, Atomic Structure, Bremsstrahlung, Compton Effect, Covariance, Kinematics, Molecular Structure, Plasma Radiation, Radiation Distribution, Relativistic Effects, Synchrotron Radiation},
booktitle = {New York, Wiley-Interscience, 1979.~393 p.},
     year = 1979,
   adsurl = {http://adsabs.harvard.edu/abs/1979rpa..book.....R},
  adsnote = {Provided by the SAO/NASA Astrophysics Data System}
}


@INPROCEEDINGS{DjorgovskiThomson92,
   author = {{Djorgovski}, S. and {Thompson}, D.~J.},
    title = "{Searches for Primeval Galaxies}",
booktitle = {The Stellar Populations of Galaxies},
     year = 1992,
   series = {IAU Symposium},
   volume = 149,
   editor = {{Barbuy}, B. and {Renzini}, A.},
    pages = {337},
   adsurl = {http://adsabs.harvard.edu/abs/1992IAUS..149..337D},
  adsnote = {Provided by the SAO/NASA Astrophysics Data System}
}




@ARTICLE{Brammer13,
   author = {{Brammer}, G.~B. and {van Dokkum}, P.~G. and {Illingworth}, G.~D. and 
	{Bouwens}, R.~J. and {Labb{\'e}}, I. and {Franx}, M. and {Momcheva}, I. and 
	{Oesch}, P.~A.},
    title = "{A Tentative Detection of an Emission Line at 1.6 {$\mu$}m for the z \~{} 12 Candidate UDFj-39546284}",
  journal = {\apjl},
archivePrefix = "arXiv",
   eprint = {1301.0317},
 primaryClass = "astro-ph.CO",
 keywords = {galaxies: formation, galaxies: high-redshift},
     year = 2013,
    month = mar,
   volume = 765,
      eid = {L2},
    pages = {L2},
      doi = {10.1088/2041-8205/765/1/L2},
   adsurl = {http://adsabs.harvard.edu/abs/2013ApJ...765L...2B},
  adsnote = {Provided by the SAO/NASA Astrophysics Data System}
}

@article{goodman2010ensemble,
  title={Ensemble samplers with affine invariance},
  author={Goodman, Jonathan and Weare, Jonathan},
  journal={Communications in applied mathematics and computational science},
  volume={5},
  number={1},
  pages={65--80},
  year={2010},
  publisher={Mathematical Sciences Publishers}
}

@ARTICLE{LARS,
   author = {{{\"O}stlin}, G. and {Hayes}, M. and {Duval}, F. and {Sandberg}, A. and 
	{Rivera-Thorsen}, T. and {Marquart}, T. and {Orlitov{\'a}}, I. and 
	{Adamo}, A. and {Melinder}, J. and {Guaita}, L. and {Atek}, H. and 
	{Cannon}, J.~M. and {Gruyters}, P. and {Herenz}, E.~C. and {Kunth}, D. and 
	{Laursen}, P. and {Mas-Hesse}, J.~M. and {Micheva}, G. and {Ot{\'{\i}}-Floranes}, H. and 
	{Pardy}, S.~A. and {Roth}, M.~M. and {Schaerer}, D. and {Verhamme}, A.
	},
    title = "{The Ly{$\alpha$} Reference Sample. I. Survey Outline and First Results for Markarian 259}",
  journal = {\apj},
archivePrefix = "arXiv",
   eprint = {1409.8347},
 keywords = {cosmology: observations, galaxies: evolution, galaxies: individual: Mrk 259, galaxies: starburst, radiative transfer, ultraviolet: galaxies},
     year = 2014,
    month = dec,
   volume = 797,
      eid = {11},
    pages = {11},
      doi = {10.1088/0004-637X/797/1/11},
   adsurl = {http://adsabs.harvard.edu/abs/2014ApJ...797...11O},
  adsnote = {Provided by the SAO/NASA Astrophysics Data System}
}


@ARTICLE{Lenhert2010,
   author = {{Lehnert}, M.~D. and {Nesvadba}, N.~P.~H. and {Cuby}, J.-G. and 
	{Swinbank}, A.~M. and {Morris}, S. and {Cl{\'e}ment}, B. and 
	{Evans}, C.~J. and {Bremer}, M.~N. and {Basa}, S.},
    title = "{Spectroscopic confirmation of a galaxy at redshift z = 8.6}",
  journal = {\nat},
archivePrefix = "arXiv",
   eprint = {1010.4312},
 primaryClass = "astro-ph.CO",
     year = 2010,
    month = oct,
   volume = 467,
    pages = {940-942},
      doi = {10.1038/nature09462},
   adsurl = {http://adsabs.harvard.edu/abs/2010Natur.467..940L},
  adsnote = {Provided by the SAO/NASA Astrophysics Data System}
}


@ARTICLE{2014arXiv1404.2958V,
   author = {{Verhamme}, A. and {Orlitova}, I. and {Schaerer}, D. and {Hayes}, M.
	},
    title = "{On the use of Lyman-alpha to detect Lyman continuum leaking galaxies}",
  journal = {ArXiv e-prints},
archivePrefix = "arXiv",
   eprint = {1404.2958},
 keywords = {Astrophysics - Astrophysics of Galaxies},
     year = 2014,
    month = apr,
   adsurl = {http://adsabs.harvard.edu/abs/2014arXiv1404.2958V},
  adsnote = {Provided by the SAO/NASA Astrophysics Data System}
}

@ARTICLE{Chonis2013,
   author = {{Chonis}, T.~S. and {Blanc}, G.~A. and {Hill}, G.~J. and {Adams}, J.~J. and 
	{Finkelstein}, S.~L. and {Gebhardt}, K. and {Kollmeier}, J.~A. and 
	{Ciardullo}, R. and {Drory}, N. and {Gronwall}, C. and {Hagen}, A. and 
	{Overzier}, R.~A. and {Song}, M. and {Zeimann}, G.~R.},
    title = "{The Spectrally Resolved Ly{$\alpha$} Emission of Three Ly{$\alpha$}-selected Field Galaxies at z \~{} 2.4 from the HETDEX Pilot Survey}",
  journal = {\apj},
archivePrefix = "arXiv",
   eprint = {1308.1957},
 primaryClass = "astro-ph.CO",
 keywords = {galaxies: evolution, galaxies: high-redshift, galaxies: ISM, galaxies: starburst, line: profiles, radiative transfer},
     year = 2013,
    month = oct,
   volume = 775,
      eid = {99},
    pages = {99},
      doi = {10.1088/0004-637X/775/2/99},
   adsurl = {http://adsabs.harvard.edu/abs/2013ApJ...775...99C},
  adsnote = {Provided by the SAO/NASA Astrophysics Data System}
}


@ARTICLE{Behrens2014,
   author = {{Behrens}, C. and {Dijkstra}, M. and {Niemeyer}, J.~C.},
    title = "{Beamed Ly{$\alpha$} emission through outflow-driven cavities}",
  journal = {\aap},
archivePrefix = "arXiv",
   eprint = {1401.4860},
 primaryClass = "astro-ph.CO",
 keywords = {radiative transfer, galaxies: high-redshift},
     year = 2014,
    month = mar,
   volume = 563,
      eid = {A77},
    pages = {A77},
      doi = {10.1051/0004-6361/201322949},
   adsurl = {http://adsabs.harvard.edu/abs/2014A%26A...563A..77B},
  adsnote = {Provided by the SAO/NASA Astrophysics Data System}
}


@ARTICLE{Garel2012,
   author = {{Garel}, T. and {Blaizot}, J. and {Guiderdoni}, B. and {Schaerer}, D. and 
	{Verhamme}, A. and {Hayes}, M.},
    title = "{Modelling high redshift Lyman {$\alpha$} emitters}",
  journal = {\mnras},
archivePrefix = "arXiv",
   eprint = {1202.0610},
 primaryClass = "astro-ph.CO",
 keywords = {radiative transfer, galaxies: evolution, galaxies: formation, galaxies: high-redshift},
     year = 2012,
    month = may,
   volume = 422,
    pages = {310-325},
      doi = {10.1111/j.1365-2966.2012.20607.x},
   adsurl = {http://adsabs.harvard.edu/abs/2012MNRAS.422..310G},
  adsnote = {Provided by the SAO/NASA Astrophysics Data System}
}


@Article{IPython,
  Author    = {P\'erez, Fernando and Granger, Brian E.},
  Title     = {IPython: a System for Interactive Scientific Computing},
  Journal   = {Computing in Science and Engineering},
  Volume    = {9},
  Number    = {3},
  Pages     = {21--29},
  month     = may,
  year      = 2007,
  url       = "http://ipython.org",
  ISSN      = "1521-9615",
  doi       = {10.1109/MCSE.2007.53},
  publisher = {IEEE Computer Society},
}

@ARTICLE{Ahn03,
   author = {{Ahn}, S.-H. and {Lee}, H.-W. and {Lee}, H.~M.},
    title = "{P Cygni type Ly{$\alpha$} from starburst galaxies}",
  journal = {\mnras},
   eprint = {astro-ph/0204004},
 keywords = {line: formation, radiative transfer, galaxies: formation, galaxies: starburst},
     year = 2003,
    month = apr,
   volume = 340,
    pages = {863-869},
      doi = {10.1046/j.1365-8711.2003.06353.x},
   adsurl = {http://adsabs.harvard.edu/abs/2003MNRAS.340..863A},
  adsnote = {Provided by the SAO/NASA Astrophysics Data System}
}



@article{Finkelstein2013,
author = {Finkelstein, S. L. and Papovich, C. and Dickinson, M. and Song, M. and Tilvi, V. and Koekemoer, a. M. and Finkelstein, K. D. and Mobasher, B. and Ferguson, H. C. and Giavalisco, M. and Reddy, N. and Ashby, M. L. N. and Dekel, a. and Fazio, G. G. and Fontana, a. and Grogin, N. a. and Huang, J.-S. and Kocevski, D. and Rafelski, M. and Weiner, B. J. and Willner, S. P.},
doi = {10.1038/nature12657},
file = {:home/nicolas/Bibliografia/Astronomy⁄Astrophysics/Papers\_in\_Astrophysics/nature12657.pdf:pdf},
issn = {0028-0836},
journal = {Nature},
month = oct,
number = {7472},
pages = {524--527},
publisher = {Nature Publishing Group},
title = {{A galaxy rapidly forming stars 700 million years after the Big Bang at redshift 7.51}},
url = {http://www.nature.com/doifinder/10.1038/nature12657},
volume = {502},
year = {2013}
}


@ARTICLE{Laursen13,
   author = {{Laursen}, P. and {Duval}, F. and {{\"O}stlin}, G.},
    title = "{On the (Non-)Enhancement of the Ly{$\alpha$} Equivalent Width by a Multiphase Interstellar Medium}",
  journal = {\apj},
archivePrefix = "arXiv",
   eprint = {1211.2833},
 primaryClass = "astro-ph.CO",
 keywords = {galaxies: ISM, radiative transfer, scattering },
     year = 2013,
    month = apr,
   volume = 766,
      eid = {124},
    pages = {124},
      doi = {10.1088/0004-637X/766/2/124},
   adsurl = {http://adsabs.harvard.edu/abs/2013ApJ...766..124L},
  adsnote = {Provided by the SAO/NASA Astrophysics Data System}
}


@ARTICLE{Kulas12,
   author = {{Kulas}, K.~R. and {Shapley}, A.~E. and {Kollmeier}, J.~A. and 
	{Zheng}, Z. and {Steidel}, C.~C. and {Hainline}, K.~N.},
    title = "{The Kinematics of Multiple-peaked Ly{$\alpha$} Emission in Star-forming Galaxies at z \~{} 2-3}",
  journal = {\apj},
archivePrefix = "arXiv",
   eprint = {1107.4367},
 primaryClass = "astro-ph.CO",
 keywords = {galaxies: formation, galaxies: high-redshift, galaxies: ISM, line: profiles, radiative transfer},
     year = 2012,
    month = jan,
   volume = 745,
      eid = {33},
    pages = {33},
      doi = {10.1088/0004-637X/745/1/33},
   adsurl = {http://adsabs.harvard.edu/abs/2012ApJ...745...33K},
  adsnote = {Provided by the SAO/NASA Astrophysics Data System}
}



@ARTICLE{Behrens13,
   author = {{Behrens}, C. and {Niemeyer}, J.},
    title = "{Effects of Lyman-alpha scattering in the IGM on clustering statistics of Lyman-alpha emitters}",
  journal = {\aap},
archivePrefix = "arXiv",
   eprint = {1306.0920},
 primaryClass = "astro-ph.CO",
 keywords = {large-scale structure of Universe, radiative transfer, galaxies: high-redshift, intergalactic medium},
     year = 2013,
    month = aug,
   volume = 556,
      eid = {A5},
    pages = {A5},
      doi = {10.1051/0004-6361/201321172},
   adsurl = {http://adsabs.harvard.edu/abs/2013A%26A...556A...5B},
  adsnote = {Provided by the SAO/NASA Astrophysics Data System}
}

@ARTICLE{Barnes11,
   author = {{Barnes}, L.~A. and {Haehnelt}, M.~G. and {Tescari}, E. and 
	{Viel}, M.},
    title = "{Galactic winds and extended Ly{$\alpha$} emission from the host galaxies of high column density quasi-stellar object absorption systems}",
  journal = {\mnras},
archivePrefix = "arXiv",
   eprint = {1101.3319},
 primaryClass = "astro-ph.CO",
 keywords = {galaxies: formation, quasars: absorption lines},
     year = 2011,
    month = sep,
   volume = 416,
    pages = {1723-1738},
      doi = {10.1111/j.1365-2966.2011.18789.x},
   adsurl = {http://adsabs.harvard.edu/abs/2011MNRAS.416.1723B},
  adsnote = {Provided by the SAO/NASA Astrophysics Data System}
}


@ARTICLE{Verhamme12,
   author = {{Verhamme}, A. and {Dubois}, Y. and {Blaizot}, J. and {Garel}, T. and 
	{Bacon}, R. and {Devriendt}, J. and {Guiderdoni}, B. and {Slyz}, A.
	},
    title = "{Lyman-{$\alpha$} emission properties of simulated galaxies: interstellar medium structure and inclination effects}",
  journal = {\aap},
archivePrefix = "arXiv",
   eprint = {1208.4781},
 primaryClass = "astro-ph.CO",
 keywords = {methods: numerical, radiative transfer, hydrodynamics, galaxies: ISM, ISM: kinematics and dynamics, ISM: structure},
     year = 2012,
    month = oct,
   volume = 546,
      eid = {A111},
    pages = {A111},
      doi = {10.1051/0004-6361/201218783},
   adsurl = {http://adsabs.harvard.edu/abs/2012A%26A...546A.111V},
  adsnote = {Provided by the SAO/NASA Astrophysics Data System}
}



@ARTICLE{Yajima12,
   author = {{Yajima}, H. and {Li}, Y. and {Zhu}, Q. and {Abel}, T. and {Gronwall}, C. and 
	{Ciardullo}, R.},
    title = "{Were Progenitors of Local L* Galaxies Ly{$\alpha$} Emitters at High Redshift?}",
  journal = {\apj},
archivePrefix = "arXiv",
   eprint = {1112.1031},
 primaryClass = "astro-ph.CO",
 keywords = {galaxies: evolution, galaxies: formation, galaxies: high-redshift, large-scale structure of universe, line: profiles, radiative transfer},
     year = 2012,
    month = aug,
   volume = 754,
      eid = {118},
    pages = {118},
      doi = {10.1088/0004-637X/754/2/118},
   adsurl = {http://adsabs.harvard.edu/abs/2012ApJ...754..118Y},
  adsnote = {Provided by the SAO/NASA Astrophysics Data System}
}

@ARTICLE{Osterbrock62,
   author = {{Osterbrock}, D.~E.},
    title = "{The Escape of Resonance-Line Radiation from an Optically Thick Nebula.}",
  journal = {\apj},
     year = 1962,
    month = jan,
   volume = 135,
    pages = {195},
      doi = {10.1086/147258},
   adsurl = {http://adsabs.harvard.edu/abs/1962ApJ...135..195O},
  adsnote = {Provided by the SAO/NASA Astrophysics Data System}
}



@ARTICLE{LaursenPhD,
   author = {{Laursen}, P.},
    title = "{Lyman $\{$$\backslash$alpha$\}$ radiative transfer in the high-redshift, dusty Universe}",
  journal = {ArXiv e-prints},
archivePrefix = "arXiv",
   eprint = {1012.3175},
 primaryClass = "astro-ph.CO",
 keywords = {Astrophysics - Cosmology and Extragalactic Astrophysics},
     year = 2010,
    month = dec,
   adsurl = {http://adsabs.harvard.edu/abs/2010arXiv1012.3175L},
  adsnote = {Provided by the SAO/NASA Astrophysics Data System}
}

@ARTICLE{Laursen09,
   author = {{Laursen}, P. and {Sommer-Larsen}, J. and {Andersen}, A.~C.},
    title = "{Ly{$\alpha$} Radiative Transfer with Dust: Escape Fractions from Simulated High-Redshift Galaxies}",
  journal = {\apj},
archivePrefix = "arXiv",
   eprint = {0907.2698},
 primaryClass = "astro-ph.CO",
 keywords = {dust, extinction, galaxies: high-redshift, line: formation, line: profiles, radiative transfer, scattering},
     year = 2009,
    month = oct,
   volume = 704,
    pages = {1640-1656},
      doi = {10.1088/0004-637X/704/2/1640},
   adsurl = {http://adsabs.harvard.edu/abs/2009ApJ...704.1640L},
  adsnote = {Provided by the SAO/NASA Astrophysics Data System}
}
@ARTICLE{Orsi12,
   author = {{Orsi}, A. and {Lacey}, C.~G. and {Baugh}, C.~M.},
    title = "{Can galactic outflows explain the properties of Ly {$\alpha$} emitters?}",
  journal = {\mnras},
archivePrefix = "arXiv",
   eprint = {1110.5701},
 primaryClass = "astro-ph.CO",
 keywords = {radiative transfer, methods: numerical, galaxies: evolution, galaxies: high-redshift, galaxies: kinematics and dynamics },
     year = 2012,
    month = sep,
   volume = 425,
    pages = {87-115},
      doi = {10.1111/j.1365-2966.2012.21396.x},
   adsurl = {http://adsabs.harvard.edu/abs/2012MNRAS.425...87O},
  adsnote = {Provided by the SAO/NASA Astrophysics Data System}
}


@ARTICLE{Verhamme2008,
author = {Verhamme, A and Schaerer, D and Atek, H and Tapken, C},
doi = {10.1051/0004-6361},
file = {:home/nicolas/.local/share/data/Mendeley Ltd./Mendeley Desktop/Downloaded/Verhamme et al. - 2008 - 3D Ly $\alpha$ radiation transfer III . Constraints on gas and stellar properties of z ∼ 3 Lyman break galaxies ( LBG ) and implications for high-z LBGs and Ly $\alpha$ emitters.pdf:pdf},
keywords = {galaxies,high-redshift,ism,line,profiles,radiative transfer,starburst,ultraviolet},
pages = {89--111},
title = {{3D Ly $\alpha$ radiation transfer III . Constraints on gas and stellar properties of z ∼ 3 Lyman break galaxies ( LBG ) and implications for high-z LBGs and Ly $\alpha$ emitters}},
volume = {111},
year = {2008}
}




@ARTICLE{PMAS,
   author = {{Roth}, M.~M. and {Kelz}, A. and {Fechner}, T. and {Hahn}, T. and 
	{Bauer}, S.-M. and {Becker}, T. and {B{\"o}hm}, P. and {Christensen}, L. and 
	{Dionies}, F. and {Paschke}, J. and {Popow}, E. and {Wolter}, D. and 
	{Schmoll}, J. and {Laux}, U. and {Altmann}, W.},
    title = "{PMAS: The Potsdam Multi-Aperture Spectrophotometer. I. Design, Manufacture, and Performance}",
  journal = {\pasp},
   eprint = {astro-ph/0502581},
 keywords = {Instrumentation: Spectrographs, Techniques: Spectroscopic},
     year = 2005,
    month = jun,
   volume = 117,
    pages = {620-642},
      doi = {10.1086/429877},
   adsurl = {http://adsabs.harvard.edu/abs/2005PASP..117..620R},
  adsnote = {Provided by the SAO/NASA Astrophysics Data System}
}


@ARTICLE{Trainor16,
   author = {{Trainor}, R.~F. and {Strom}, A.~L. and {Steidel}, C.~C. and 
	{Rudie}, G.~C.},
    title = "{The Rest-frame Optical Spectroscopic Properties of Lyalpha-emitters at Z\~{}2.5: The Physical Origins of Strong Lyalpha Emission}",
  journal = {\apj},
archivePrefix = "arXiv",
   eprint = {1608.07280},
 keywords = {galaxies: dwarf, galaxies: formation, galaxies: high-redshift},
     year = 2016,
    month = dec,
   volume = 832,
      eid = {171},
    pages = {171},
      doi = {10.3847/0004-637X/832/2/171},
   adsurl = {http://adsabs.harvard.edu/abs/2016ApJ...832..171T},
  adsnote = {Provided by the SAO/NASA Astrophysics Data System}
}

@ARTICLE{Erb14,
   author = {{Erb}, D.~K. and {Steidel}, C.~C. and {Trainor}, R.~F. and {Bogosavljevi{\'c}}, M. and 
	{Shapley}, A.~E. and {Nestor}, D.~B. and {Kulas}, K.~R. and 
	{Law}, D.~R. and {Strom}, A.~L. and {Rudie}, G.~C. and {Reddy}, N.~A. and 
	{Pettini}, M. and {Konidaris}, N.~P. and {Mace}, G. and {Matthews}, K. and 
	{McLean}, I.~S.},
    title = "{The Ly{$\alpha$} Properties of Faint Galaxies at z \~{} 2-3 with Systemic Redshifts and Velocity Dispersions from Keck-MOSFIRE}",
  journal = {\apj},
archivePrefix = "arXiv",
   eprint = {1408.3638},
 keywords = {galaxies: evolution, galaxies: formation, galaxies: high-redshift},
     year = 2014,
    month = nov,
   volume = 795,
      eid = {33},
    pages = {33},
      doi = {10.1088/0004-637X/795/1/33},
   adsurl = {http://adsabs.harvard.edu/abs/2014ApJ...795...33E},
  adsnote = {Provided by the SAO/NASA Astrophysics Data System}
}

@ARTICLE{Verhamme06,
   author = {{Verhamme}, A. and {Schaerer}, D. and {Maselli}, A.},
    title = "{3D Ly{$\alpha$} radiation transfer. I. Understanding Ly{$\alpha$} line profile morphologies}",
  journal = {\aap},
   eprint = {arXiv:astro-ph/0608075},
 keywords = {galaxies: starburst, galaxies: ISM, galaxies: high-redshift, utraviolet: galaxies, radiative transfer, line: profiles},
     year = 2006,
    month = dec,
   volume = 460,
    pages = {397-413},
      doi = {10.1051/0004-6361:20065554},
   adsurl = {http://adsabs.harvard.edu/abs/2006A%26A...460..397V},
  adsnote = {Provided by the SAO/NASA Astrophysics Data System}
}
@ARTICLE{Hansen06,
   author = {{Hansen}, M. and {Oh}, S.~P.},
    title = "{Lyman {$\alpha$} radiative transfer in a multiphase medium}",
  journal = {\mnras},
   eprint = {arXiv:astro-ph/0507586},
 keywords = {line: profiles, radiative transfer, methods: analytical, methods: numerical, galaxies: high redshift},
     year = 2006,
    month = apr,
   volume = 367,
    pages = {979-1002},
      doi = {10.1111/j.1365-2966.2005.09870.x},
   adsurl = {http://adsabs.harvard.edu/abs/2006MNRAS.367..979H},
  adsnote = {Provided by the SAO/NASA Astrophysics Data System}
}


@ARTICLE{Zheng02,
   author = {{Zheng}, Z. and {Miralda-Escud{\'e}}, J.},
    title = "{Monte Carlo Simulation of Ly{$\alpha$} Scattering and Application to Damped Ly{$\alpha$} Systems}",
  journal = {\apj},
   eprint = {arXiv:astro-ph/0203287},
 keywords = {Line: Formation, Galaxies: Quasars: Absorption Lines, Radiative Transfer, Scattering},
     year = 2002,
    month = oct,
   volume = 578,
    pages = {33-42},
      doi = {10.1086/342400},
   adsurl = {http://adsabs.harvard.edu/abs/2002ApJ...578...33Z},
  adsnote = {Provided by the SAO/NASA Astrophysics Data System}
}


@ARTICLE{Ahn00,
   author = {{Ahn}, S.-H. and {Lee}, H.-W. and {Lee}, H.~M.},
    title = "{Ly Alpha Transfer in a Thick, Dusty, and Static Medium}",
  journal = {Journal of Korean Astronomical Society},
   eprint = {arXiv:astro-ph/0006172},
 keywords = {RADIATIVE TRANSFER, LINE: FORMATION, ISM: DUST, EXTINCTION, GALAXIES: STARBURST},
     year = 2000,
    month = apr,
   volume = 33,
    pages = {29-36},
   adsurl = {http://adsabs.harvard.edu/abs/2000JKAS...33...29A},
  adsnote = {Provided by the SAO/NASA Astrophysics Data System}
}

@ARTICLE{Ahn01,
   author = {{Ahn}, S.-H. and {Lee}, H.-W. and {Lee}, H.~M.},
    title = "{Ly{$\alpha$} Line Formation in Starbursting Galaxies. I. Moderately Thick, Dustless, and Static H I Media}",
  journal = {\apj},
   eprint = {arXiv:astro-ph/0011509},
 keywords = {Galaxies: Formation, Galaxies: Starburst, Line: Formation, Radiative Transfer},
     year = 2001,
    month = jun,
   volume = 554,
    pages = {604-614},
      doi = {10.1086/321374},
   adsurl = {http://adsabs.harvard.edu/abs/2001ApJ...554..604A},
  adsnote = {Provided by the SAO/NASA Astrophysics Data System}
}


@ARTICLE{Avery68,
   author = {{Avery}, L.~W. and {House}, L.~L.},
    title = "{An Investigation of Resonance-Line Scattering by the Monte Carlo Technique}",
  journal = {\apj},
     year = 1968,
    month = may,
   volume = 152,
    pages = {493},
      doi = {10.1086/149566},
   adsurl = {http://adsabs.harvard.edu/abs/1968ApJ...152..493A},
  adsnote = {Provided by the SAO/NASA Astrophysics Data System}
}

@ARTICLE{Auer68,
   author = {{Auer}, L.~H.},
    title = "{Transfer of Lyman Alpha in Diffuse Nebulae}",
  journal = {\apj},
     year = 1968,
    month = sep,
   volume = 153,
    pages = {783},
      doi = {10.1086/149705},
   adsurl = {http://adsabs.harvard.edu/abs/1968ApJ...153..783A},
  adsnote = {Provided by the SAO/NASA Astrophysics Data System}
}

@ARTICLE{LoebRybicki,
   author = {{Loeb}, A. and {Rybicki}, G.~B.},
    title = "{Scattered Ly{$\alpha$} Radiation around Sources before Cosmological Reionization}",
  journal = {\apj},
   eprint = {arXiv:astro-ph/9902180},
 keywords = {COSMOLOGY: THEORY, LINE: PROFILES},
     year = 1999,
    month = oct,
   volume = 524,
    pages = {527-535},
      doi = {10.1086/307844},
   adsurl = {http://adsabs.harvard.edu/abs/1999ApJ...524..527L},
  adsnote = {Provided by the SAO/NASA Astrophysics Data System}
}
@ARTICLE{Dijkstra06,
   author = {{Dijkstra}, M. and {Haiman}, Z. and {Spaans}, M.},
    title = "{Ly{$\alpha$} Radiation from Collapsing Protogalaxies. I. Characteristics of the Emergent Spectrum}",
  journal = {\apj},
   eprint = {arXiv:astro-ph/0510407},
 keywords = {Cosmology: Theory, Galaxies: Formation, Galaxies: Halos, Galaxies: Intergalactic Medium, Galaxies: Quasars: General, Radiative Transfer},
     year = 2006,
    month = sep,
   volume = 649,
    pages = {14-36},
      doi = {10.1086/506243},
   adsurl = {http://adsabs.harvard.edu/abs/2006ApJ...649...14D},
  adsnote = {Provided by the SAO/NASA Astrophysics Data System}
}

@ARTICLE{Yamada2012,
   author = {{Yamada}, T. and {Nakamura}, Y. and {Matsuda}, Y. and {Hayashino}, T. and
{Yamauchi}, R. and {Morimoto}, N. and {Kousai}, K. and {Umemura}, M.
},
    title = "{Panoramic Survey of Ly{$\alpha$} Emitters at z = 3.1}",
  journal = {\aj},
archivePrefix = "arXiv",
   eprint = {1202.0087},
 primaryClass = "astro-ph.CO",
 keywords = {galaxies: clusters: individual: SSA22, galaxies: evolution, galaxies: formation, galaxies: high-redshift, galaxies: starburst, large-scale structure of Universe},
     year = 2012,
    month = apr,
   volume = 143,
      eid = {79},
    pages = {79},
      doi = {10.1088/0004-6256/143/4/79},
   adsurl = {http://adsabs.harvard.edu/abs/2012AJ....143...79Y},
  adsnote = {Provided by the SAO/NASA Astrophysics Data System}
}
@ARTICLE{Schenker2012,
   author = {{Schenker}, M.~A. and {Stark}, D.~P. and {Ellis}, R.~S. and 
	{Robertson}, B.~E. and {Dunlop}, J.~S. and {McLure}, R.~J. and 
	{Kneib}, J.-P. and {Richard}, J.},
    title = "{Keck Spectroscopy of Faint 3 {\lt} z {\lt} 8 Lyman Break Galaxies: Evidence for a Declining Fraction of Emission Line Sources in the Redshift Range 6 {\lt} z {\lt} 8}",
  journal = {ApJ},
archivePrefix = "arXiv",
   eprint = {1107.1261},
 primaryClass = "astro-ph.CO",
 keywords = {galaxies: evolution, galaxies: formation, galaxies: high-redshift, galaxies: starburst},
     year = 2012,
    month = jan,
   volume = 744,
      eid = {179},
    pages = {179},
      doi = {10.1088/0004-637X/744/2/179},
   adsurl = {http://adsabs.harvard.edu/abs/2012ApJ...744..179S},
  adsnote = {Provided by the SAO/NASA Astrophysics Data System}
}

@ARTICLE{Koehler2007,
   author = {{Koehler}, R.~S. and {Schuecker}, P. and {Gebhardt}, K.},
    title = "{Probing dark energy with baryonic acoustic oscillations at high redshifts}",
  journal = {AAP},
   eprint = {arXiv:astro-ph/0609354},
 keywords = {cosmological parameters, large-scale structure of Universe},
     year = 2007,
    month = jan,
   volume = 462,
    pages = {7-20},
      doi = {10.1051/0004-6361:20065649},
   adsurl = {http://adsabs.harvard.edu/abs/2007A%26A...462....7K},
  adsnote = {Provided by the SAO/NASA Astrophysics Data System}
}




@ARTICLE{Zheng2013,
   author = {{Zheng}, Z. and {Wallace}, J.},
    title = "{Anisotropic Lyman-alpha Emission}",
  journal = {ArXiv e-prints},
archivePrefix = "arXiv",
   eprint = {1308.1405},
 primaryClass = "astro-ph.CO",
 keywords = {Astrophysics - Cosmology and Extragalactic Astrophysics},
     year = 2013,
    month = aug,
   adsurl = {http://adsabs.harvard.edu/abs/2013arXiv1308.1405Z},
  adsnote = {Provided by the SAO/NASA Astrophysics Data System}
}



@ARTICLE{Neufeld90,
   author = {{Neufeld}, D.~A.},
    title = "{The transfer of resonance-line radiation in static astrophysical media}",
  journal = {\apj},
 keywords = {HYDROGEN ATOMS, INTERSTELLAR GAS, RADIATIVE TRANSFER, RESONANCE LINES, COMPUTATIONAL ASTROPHYSICS, PARTIAL DIFFERENTIAL EQUATIONS, STATICS},
     year = 1990,
    month = feb,
   volume = 350,
    pages = {216-241},
      doi = {10.1086/168375},
   adsurl = {http://adsabs.harvard.edu/abs/1990ApJ...350..216N},
  adsnote = {Provided by the SAO/NASA Astrophysics Data System}
}


@ARTICLE{Unno55,
   author = {{Unno}, W.},
    title = "{Theoretical Line Contour of the Lyman Alpha Radiation of Ionized Helium and the Excitation of Bowen Lines in Planetary Nebulae}",
  journal = {\pasj},
     year = 1955,
   volume = 7,
    pages = {81},
   adsurl = {http://adsabs.harvard.edu/abs/1955PASJ....7...81U},
  adsnote = {Provided by the SAO/NASA Astrophysics Data System}
}


@ARTICLE{Adams72,
   author = {{Adams}, T.~F.},
    title = "{The Escape of Resonance-Line Radiation from Extremely Opaque Media}",
  journal = {\apj},
     year = 1972,
    month = jun,
   volume = 174,
    pages = {439},
      doi = {10.1086/151503},
   adsurl = {http://adsabs.harvard.edu/abs/1972ApJ...174..439A},
  adsnote = {Provided by the SAO/NASA Astrophysics Data System}
}



@ARTICLE{Harrington73,
   author = {{Harrington}, J.~P.},
    title = "{The scattering of resonance-line radiation in the limit of large optical depth}",
  journal = {\mnras},
     year = 1973,
   volume = 162,
    pages = {43},
   adsurl = {http://adsabs.harvard.edu/abs/1973MNRAS.162...43H},
  adsnote = {Provided by the SAO/NASA Astrophysics Data System}
}

@ARTICLE{DijkstraKramer,
   author = {{Dijkstra}, M. and {Kramer}, R.},
    title = "{Line transfer through clumpy, large-scale outflows: Ly {$\alpha$} absorption and haloes around star-forming galaxies}",
  journal = {\mnras},
archivePrefix = "arXiv",
   eprint = {1203.3803},
 primaryClass = "astro-ph.CO",
 keywords = {radiative transfer, scattering, ISM: jets and outflows, galaxies: formation, intergalactic medium, quasars: absorption lines },
     year = 2012,
    month = aug,
   volume = 424,
    pages = {1672-1693},
      doi = {10.1111/j.1365-2966.2012.21131.x},
   adsurl = {http://adsabs.harvard.edu/abs/2012MNRAS.424.1672D},
  adsnote = {Provided by the SAO/NASA Astrophysics Data System}
}


@ARTICLE{2010A&A...512A..79H,
   author = {{Haas}, M.~R. and {Anders}, P.},
    title = "{Variations in integrated galactic initial mass functions due to sampling method and cluster mass function}",
  journal = {\aap},
archivePrefix = "arXiv",
   eprint = {1001.2009},
 primaryClass = "astro-ph.GA",
 keywords = {stars: luminosity function, mass function, Galaxy: stellar content, galaxies: fundamental parameters, methods: numerical, methods: statistical},
     year = 2010,
    month = mar,
   volume = 512,
      eid = {A79},
    pages = {A79},
      doi = {10.1051/0004-6361/200912967},
   adsurl = {http://adsabs.harvard.edu/abs/2010A%26A...512A..79H},
  adsnote = {Provided by the SAO/NASA Astrophysics Data System}
}
@ARTICLE{Hillier98,
   author = {{Hillier}, D.~J. and {Miller}, D.~L.},
    title = "{The Treatment of Non-LTE Line Blanketing in Spherically Expanding Outflows}",
  journal = {\apj},
 keywords = {RADIATIVE TRANSFER, STARS: EMISSION-LINE, BE, LINE: FORMATION, STARS: MASS LOSS, STARS: WOLF-RAYET},
     year = 1998,
    month = mar,
   volume = 496,
    pages = {407},
      doi = {10.1086/305350},
   adsurl = {http://adsabs.harvard.edu/abs/1998ApJ...496..407H},
  adsnote = {Provided by the SAO/NASA Astrophysics Data System}
}

@ARTICLE{Smith02,
   author = {{Smith}, L.~J. and {Norris}, R.~P.~F. and {Crowther}, P.~A.},
    title = "{Realistic ionizing fluxes for young stellar populations from 0.05 to 2 Z$_{solar}$}",
  journal = {\mnras},
   eprint = {arXiv:astro-ph/0207554},
 keywords = {stars: atmospheres, stars: mass-loss, stars: Wolf-Rayet, HII regions, galaxies: starburst, galaxies: stellar content},
     year = 2002,
    month = dec,
   volume = 337,
    pages = {1309-1328},
      doi = {10.1046/j.1365-8711.2002.06042.x},
   adsurl = {http://adsabs.harvard.edu/abs/2002MNRAS.337.1309S},
  adsnote = {Provided by the SAO/NASA Astrophysics Data System}
}


@ARTICLE{Lejeune2,
   author = {{Lejeune}, T. and {Cuisinier}, F. and {Buser}, R.},
    title = "{A standard stellar library for evolutionary synthesis. II. The M dwarf extension}",
  journal = {\aaps},
   eprint = {arXiv:astro-ph/9710350},
 keywords = {STARS: FUNDAMENTAL PARAMETERS, STARS: LATE TYPE},
     year = 1998,
    month = may,
   volume = 130,
    pages = {65-75},
      doi = {10.1051/aas:1998405},
   adsurl = {http://adsabs.harvard.edu/abs/1998A%26AS..130...65L},
  adsnote = {Provided by the SAO/NASA Astrophysics Data System}
}


@ARTICLE{Lejeune1,
   author = {{Lejeune}, T. and {Cuisinier}, F. and {Buser}, R.},
    title = "{Standard stellar library for evolutionary synthesis. I. Calibration of theoretical spectra}",
  journal = {\aaps},
   eprint = {arXiv:astro-ph/9701019},
 keywords = {ATLASES, STARS: FUNDAMENTAL PARAMETERS},
     year = 1997,
    month = oct,
   volume = 125,
    pages = {229-246},
      doi = {10.1051/aas:1997373},
   adsurl = {http://adsabs.harvard.edu/abs/1997A%26AS..125..229L},
  adsnote = {Provided by the SAO/NASA Astrophysics Data System}
}


@ARTICLE{2006ApJ...645..792T,
   author = {{Tasitsiomi}, A.},
    title = "{Ly{$\alpha$} Radiative Transfer in Cosmological Simulations and Application to a z \~{}= 8 Ly{$\alpha$} Emitter}",
  journal = {\apj},
   eprint = {astro-ph/0510347},
 keywords = {Cosmology: Theory, Cosmology: Diffuse Radiation, Galaxies: Formation, Galaxies: Intergalactic Medium, Line: Formation, Polarization, Radiative Transfer},
     year = 2006,
    month = jul,
   volume = 645,
    pages = {792-813},
      doi = {10.1086/504460},
   adsurl = {http://adsabs.harvard.edu/abs/2006ApJ...645..792T},
  adsnote = {Provided by the SAO/NASA Astrophysics Data System}
}


@ARTICLE{2011MNRAS.411.2336I,
   author = {{Inoue}, A.~K. and {Kousai}, K. and {Iwata}, I. and {Matsuda}, Y. and 
	{Nakamura}, E. and {Horie}, M. and {Hayashino}, T. and {Tapken}, C. and 
	{Akiyama}, M. and {Noll}, S. and {Yamada}, T. and {Burgarella}, D. and 
	{Nakamura}, Y.},
    title = "{Lyman 'bump' galaxies - II. A possible signature of massive extremely metal-poor or metal-free stars in z= 3.1 Ly{$\alpha$} emitters}",
  journal = {\mnras},
archivePrefix = "arXiv",
   eprint = {1010.2582},
 primaryClass = "astro-ph.CO",
 keywords = {galaxies: evolution, galaxies: high-redshift, intergalactic medium, cosmology: observations},
     year = 2011,
    month = mar,
   volume = 411,
    pages = {2336-2352},
      doi = {10.1111/j.1365-2966.2010.17851.x},
   adsurl = {http://adsabs.harvard.edu/abs/2011MNRAS.411.2336I},
  adsnote = {Provided by the SAO/NASA Astrophysics Data System}
}

@ARTICLE{Dayal2012,
   author = {{Dayal}, P. and {Ferrara}, A.},
    title = "{Ly{$\alpha$} emitters and Lyman-break galaxies: dichotomous twins}",
  journal = {\mnras},
archivePrefix = "arXiv",
   eprint = {1109.0297},
 primaryClass = "astro-ph.CO",
 keywords = {dust, extinction, galaxies: high-redshift, galaxies: luminosity function, mass function, cosmology: theory},
     year = 2012,
    month = apr,
   volume = 421,
    pages = {2568-2579},
      doi = {10.1111/j.1365-2966.2012.20486.x},
   adsurl = {http://adsabs.harvard.edu/abs/2012MNRAS.421.2568D},
  adsnote = {Provided by the SAO/NASA Astrophysics Data System}
}



@ARTICLE{2010MNRAS.401.1325I,
   author = {{Inoue}, A.~K.},
    title = "{Lyman `bump' galaxies - I. Spectral energy distribution of galaxies with an escape of nebular Lyman continuum}",
  journal = {\mnras},
archivePrefix = "arXiv",
   eprint = {0908.3925},
 primaryClass = "astro-ph.CO",
 keywords = {HII regions, galaxies: evolution, galaxies: high-redshift, intergalacticmedium, cosmology: observations, cosmology: theory},
     year = 2010,
    month = jan,
   volume = 401,
    pages = {1325-1333},
      doi = {10.1111/j.1365-2966.2009.15730.x},
   adsurl = {http://adsabs.harvard.edu/abs/2010MNRAS.401.1325I},
  adsnote = {Provided by the SAO/NASA Astrophysics Data System}
}



@ARTICLE{2009ApJ...692.1287I,
   author = {{Iwata}, I. and {Inoue}, A.~K. and {Matsuda}, Y. and {Furusawa}, H. and 
	{Hayashino}, T. and {Kousai}, K. and {Akiyama}, M. and {Yamada}, T. and 
	{Burgarella}, D. and {Deharveng}, J.-M.},
    title = "{Detections of Lyman Continuum from Star-Forming Galaxies at z \~{} 3 through Subaru/Suprime-Cam Narrow-Band Imaging}",
  journal = {\apj},
archivePrefix = "arXiv",
   eprint = {0805.4012},
 keywords = {cosmology: observations, diffuse radiation, galaxies: evolution, galaxies: high-redshift, intergalactic medium},
     year = 2009,
    month = feb,
   volume = 692,
    pages = {1287-1293},
      doi = {10.1088/0004-637X/692/2/1287},
   adsurl = {http://adsabs.harvard.edu/abs/2009ApJ...692.1287I},
  adsnote = {Provided by the SAO/NASA Astrophysics Data System}
}



@ARTICLE{2010ApJ...723..241S,
   author = {{Siana}, B. and {Teplitz}, H.~I. and {Ferguson}, H.~C. and {Brown}, T.~M. and 
	{Giavalisco}, M. and {Dickinson}, M. and {Chary}, R.-R. and 
	{de Mello}, D.~F. and {Conselice}, C.~J. and {Bridge}, C.~R. and 
	{Gardner}, J.~P. and {Colbert}, J.~W. and {Scarlata}, C.},
    title = "{A Deep Hubble Space Telescope Search for Escaping Lyman Continuum Flux at z \~{} 1.3: Evidence for an Evolving Ionizing Emissivity}",
  journal = {\apj},
archivePrefix = "arXiv",
   eprint = {1001.3412},
 primaryClass = "astro-ph.CO",
 keywords = {intergalactic medium, galaxies: high-redshift, galaxies: starburst, ultraviolet: galaxies},
     year = 2010,
    month = nov,
   volume = 723,
    pages = {241-250},
      doi = {10.1088/0004-637X/723/1/241},
   adsurl = {http://adsabs.harvard.edu/abs/2010ApJ...723..241S},
  adsnote = {Provided by the SAO/NASA Astrophysics Data System}
}


@ARTICLE{2012arXiv1201.0757K,
   author = {{Kuhlen}, M. and {Faucher-Giguere}, C.-A.},
    title = "{Concordance models of reionization: implications for faint galaxies and escape fraction evolution}",
  journal = {ArXiv e-prints},
archivePrefix = "arXiv",
   eprint = {1201.0757},
 primaryClass = "astro-ph.CO",
 keywords = {Astrophysics - Cosmology and Extragalactic Astrophysics, Astrophysics - Galaxy Astrophysics},
     year = 2012,
    month = jan,
   adsurl = {http://adsabs.harvard.edu/abs/2012arXiv1201.0757K},
  adsnote = {Provided by the SAO/NASA Astrophysics Data System}
}


@ARTICLE{2003A&A...397..527S,
   author = {{Schaerer}, D.},
    title = "{The transition from Population III to normal galaxies: Lyalpha and He II emission and the ionising properties of high redshift starburst galaxies}",
  journal = {\aap},
   eprint = {arXiv:astro-ph/0210462},
 keywords = {cosmology: early Universe, galaxies: stellar content, stars: general, stars: fundamental parameters, stars: atmospheres},
     year = 2003,
    month = jan,
   volume = 397,
    pages = {527-538},
      doi = {10.1051/0004-6361:20021525},
   adsurl = {http://adsabs.harvard.edu/abs/2003A%26A...397..527S},
  adsnote = {Provided by the SAO/NASA Astrophysics Data System}
}

@ARTICLE{2011ApJ...741L..26F,
   author = {{Fumagalli}, M. and {da Silva}, R.~L. and {Krumholz}, M.~R.},
    title = "{Stochastic Star Formation and a (Nearly) Uniform Stellar Initial Mass Function}",
  journal = {\apjl},
archivePrefix = "arXiv",
   eprint = {1105.6101},
 primaryClass = "astro-ph.CO",
 keywords = {galaxies: dwarf, galaxies: star formation, galaxies: statistics, galaxies: stellar content, stars: statistics, ultraviolet: galaxies },
     year = 2011,
    month = nov,
   volume = 741,
      eid = {L26},
    pages = {L26},
      doi = {10.1088/2041-8205/741/2/L26},
   adsurl = {http://adsabs.harvard.edu/abs/2011ApJ...741L..26F},
  adsnote = {Provided by the SAO/NASA Astrophysics Data System}
}

@ARTICLE{dasilva12,
   author = {{da Silva}, R.~L. and {Fumagalli}, M. and {Krumholz}, M.},
    title = "{SLUG{\mdash}Stochastically Lighting Up Galaxies. I. Methods and Validating Tests}",
  journal = {\apj},
archivePrefix = "arXiv",
   eprint = {1106.3072},
 primaryClass = "astro-ph.IM",
 keywords = {galaxies: star clusters: general, galaxies: stellar content, methods: numerical, methods: statistical, stars: formation, techniques: photometric },
     year = 2012,
    month = feb,
   volume = 745,
      eid = {145},
    pages = {145},
      doi = {10.1088/0004-637X/745/2/145},
   adsurl = {http://adsabs.harvard.edu/abs/2012ApJ...745..145D},
  adsnote = {Provided by the SAO/NASA Astrophysics Data System}
}





@ARTICLE{2010arXiv1002.3660K,
   author = {{Klypin}, A. and {Trujillo-Gomez}, S. and {Primack}, J.},
    title = "{Halos and galaxies in the standard cosmological model: results from the Bolshoi simulation}",
  journal = {ArXiv e-prints},
archivePrefix = "arXiv",
   eprint = {1002.3660},
 primaryClass = "astro-ph.CO",
 keywords = {Astrophysics - Cosmology and Extragalactic Astrophysics},
     year = 2010,
    month = feb,
   adsurl = {http://adsabs.harvard.edu/abs/2010arXiv1002.3660K},
  adsnote = {Provided by the SAO/NASA Astrophysics Data System}
}
@ARTICLE{2010arXiv1005.1289T,
   author = {{Trujillo-Gomez}, S. and {Klypin}, A. and {Primack}, J. and 
	{Romanowsky}, A.~J.},
    title = "{LCDM Correctly Predicts Basic Statistics of Galaxies: Luminosity-Velocity Relation, Baryonic Mass-Velocity Relation, and Velocity Function}",
  journal = {ArXiv e-prints},
archivePrefix = "arXiv",
   eprint = {1005.1289},
 primaryClass = "astro-ph.CO",
 keywords = {Astrophysics - Cosmology and Extragalactic Astrophysics},
     year = 2010,
    month = may,
   adsurl = {http://adsabs.harvard.edu/abs/2010arXiv1005.1289T},
  adsnote = {Provided by the SAO/NASA Astrophysics Data System}
}

@ARTICLE{2010arXiv1010.4796H,
   author = {{Hayes}, M. and {Schaerer}, D. and {Ostlin}, G. and {Mas-Hesse}, J.~M. and 
	{Atek}, H. and {Kunth}, D.},
    title = "{On the redshift-evolution of the Lyman-alpha escape fraction and the dust content of galaxies}",
  journal = {ArXiv e-prints},
archivePrefix = "arXiv",
   eprint = {1010.4796},
 primaryClass = "astro-ph.CO",
 keywords = {Astrophysics - Cosmology and Extragalactic Astrophysics},
     year = 2010,
    month = oct,
   adsurl = {http://adsabs.harvard.edu/abs/2010arXiv1010.4796H},
  adsnote = {Provided by the SAO/NASA Astrophysics Data System}
}

@ARTICLE{2010MNRAS.403L..84D,
   author = {{Devriendt}, J. and {Rimes}, C. and {Pichon}, C. and {Teyssier}, R. and 
	{Le Borgne}, D. and {Aubert}, D. and {Audit}, E. and {Colombi}, S. and 
	{Courty}, S. and {Dubois}, Y. and {Prunet}, S. and {Rasera}, Y. and 
	{Slyz}, A. and {Tweed}, D.},
    title = "{The dusty, albeit ultraviolet bright, infancy of galaxies}",
  journal = {\mnras},
archivePrefix = "arXiv",
   eprint = {0912.0376},
 primaryClass = "astro-ph.CO",
 keywords = {galaxies: evolution, galaxies: formation, galaxies: high-redshift, galaxies: luminosity function, mass function},
     year = 2010,
    month = mar,
   volume = 403,
    pages = {L84-L88},
      doi = {10.1111/j.1745-3933.2010.00820.x},
   adsurl = {http://adsabs.harvard.edu/abs/2010MNRAS.403L..84D},
  adsnote = {Provided by the SAO/NASA Astrophysics Data System}
}

@ARTICLE{2010MNRAS.404.2151C,
   author = {{Ceverino}, D. and {Dekel}, A. and {Bournaud}, F.},
    title = "{High-redshift clumpy discs and bulges in cosmological simulations}",
  journal = {\mnras},
archivePrefix = "arXiv",
   eprint = {0907.3271},
 primaryClass = "astro-ph.CO",
 keywords = {stars: formation, galaxies: evolution, galaxies: formation, galaxies: kinematics and dynamics, galaxies: spiral},
     year = 2010,
    month = jun,
   volume = 404,
    pages = {2151-2169},
      doi = {10.1111/j.1365-2966.2010.16433.x},
   adsurl = {http://adsabs.harvard.edu/abs/2010MNRAS.404.2151C},
  adsnote = {Provided by the SAO/NASA Astrophysics Data System}
}

@ARTICLE{2005MNRAS.357.1077H,
   author = {{Hirashita}, H. and {Nozawa}, T. and {Kozasa}, T. and {Ishii}, T.~T. and 
	{Takeuchi}, T.~T.},
    title = "{Extinction curves expected in young galaxies}",
  journal = {\mnras},
   eprint = {arXiv:astro-ph/0501158},
 keywords = {supernovae: general, dust, extinction, galaxies: evolution, galaxies: high-redshift, galaxies: ISM, quasars: individual: SDSS J104845.05+463718.3},
     year = 2005,
    month = mar,
   volume = 357,
    pages = {1077-1087},
      doi = {10.1111/j.1365-2966.2005.08730.x},
   adsurl = {http://adsabs.harvard.edu/abs/2005MNRAS.357.1077H},
  adsnote = {Provided by the SAO/NASA Astrophysics Data System}
}

@ARTICLE{2006MNRAS.367..979H,
   author = {{Hansen}, M. and {Oh}, S.~P.},
    title = "{Lyman {$\alpha$} radiative transfer in a multiphase medium}",
  journal = {\mnras},
   eprint = {arXiv:astro-ph/0507586},
 keywords = {line: profiles, radiative transfer, methods: analytical, methods: numerical, galaxies: high redshift},
     year = 2006,
    month = apr,
   volume = 367,
    pages = {979-1002},
}
@ARTICLE{1973MNRAS.162...43H,
   author = {{Harrington}, J.~P.},
    title = "{The scattering of resonance-line radiation in the limit of large optical depth}",
  journal = {\mnras},
     year = 1973,
   volume = 162,
    pages = {43-+},
   adsurl = {http://adsabs.harvard.edu/abs/1973MNRAS.162...43H},
  adsnote = {Provided by the SAO/NASA Astrophysics Data System}
}

@ARTICLE{2003PASJ...55..901I,
   author = {{Inoue}, A.~K.},
    title = "{Evolution of Dust-to-Metal Ratio in Galaxies}",
  journal = {\pasj},
   eprint = {arXiv:astro-ph/0308204},
 keywords = {dust, extinction, galaxies: evolution, galaxies: ISM, ISM: evolution},
     year = 2003,
    month = oct,
   volume = 55,
    pages = {901-909},
   adsurl = {http://adsabs.harvard.edu/abs/2003PASJ...55..901I},
  adsnote = {Provided by the SAO/NASA Astrophysics Data System}
}
@ARTICLE{2008ApJS..175...48R,
   author = {{Reddy}, N.~A. and {Steidel}, C.~C. and {Pettini}, M. and {Adelberger}, K.~L. and 
	{Shapley}, A.~E. and {Erb}, D.~K. and {Dickinson}, M.},
    title = "{Multiwavelength Constraints on the Cosmic Star Formation History from Spectroscopy: the Rest-Frame Ultraviolet, H{$\alpha$}, and Infrared Luminosity Functions at Redshifts 1.9 {\lt}\~{} z {\lt}\~{} 3.4}",
  journal = {\apjs},
archivePrefix = "arXiv",
   eprint = {0706.4091},
 keywords = {Galaxies: Evolution, Galaxies: Formation, Galaxies: High-Redshift, Galaxies: Luminosity Function, Mass Function, Galaxies: Starburst, Infrared: Galaxies},
     year = 2008,
    month = mar,
   volume = 175,
    pages = {48-85},
      doi = {10.1086/521105},
   adsurl = {http://adsabs.harvard.edu/abs/2008ApJS..175...48R},
  adsnote = {Provided by the SAO/NASA Astrophysics Data System}
}
@ARTICLE{2006ApJ...644..792R,
   author = {{Reddy}, N.~A. and {Steidel}, C.~C. and {Fadda}, D. and {Yan}, L. and 
	{Pettini}, M. and {Shapley}, A.~E. and {Erb}, D.~K. and {Adelberger}, K.~L.
	},
    title = "{Star Formation and Extinction in Redshift z\~{}2 Galaxies: Inferences from Spitzer MIPS Observations}",
  journal = {\apj},
   eprint = {arXiv:astro-ph/0602596},
 keywords = {Cosmology: Observations, ISM: Dust, Extinction, Galaxies: Evolution, Galaxies: High-Redshift, Galaxies: Stellar Content, Infrared: Galaxies},
     year = 2006,
    month = jun,
   volume = 644,
    pages = {792-812},
      doi = {10.1086/503739},
   adsurl = {http://adsabs.harvard.edu/abs/2006ApJ...644..792R},
  adsnote = {Provided by the SAO/NASA Astrophysics Data System}
}


@ARTICLE{2010ApJ...708L..69B,
   author = {{Bouwens}, R.~J. and {Illingworth}, G.~D. and {Oesch}, P.~A. and 
	{Trenti}, M. and {Stiavelli}, M. and {Carollo}, C.~M. and {Franx}, M. and 
	{van Dokkum}, P.~G. and {Labb{\'e}}, I. and {Magee}, D.},
    title = "{Very Blue UV-Continuum Slope {$\beta$} of Low Luminosity z \~{} 7 Galaxies from WFC3/IR: Evidence for Extremely Low Metallicities?}",
  journal = {\apjl},
archivePrefix = "arXiv",
   eprint = {0910.0001},
 keywords = {galaxies: evolution, galaxies: high-redshift },
     year = 2010,
    month = jan,
   volume = 708,
    pages = {L69-L73},
      doi = {10.1088/2041-8205/708/2/L69},
   adsurl = {http://adsabs.harvard.edu/abs/2010ApJ...708L..69B},
  adsnote = {Provided by the SAO/NASA Astrophysics Data System}
}

@ARTICLE{2009ApJ...705..936B,
   author = {{Bouwens}, R.~J. and {Illingworth}, G.~D. and {Franx}, M. and 
	{Chary}, {R.-R.} and {Meurer}, G.~R. and {Conselice}, C.~J. and 
	{Ford}, H. and {Giavalisco}, M. and {van Dokkum}, P.},
    title = "{UV Continuum Slope and Dust Obscuration from z \~{} 6 to z \~{} 2: The Star Formation Rate Density at High Redshift}",
  journal = {\apj},
archivePrefix = "arXiv",
   eprint = {0909.4074},
 keywords = {galaxies: evolution, galaxies: high-redshift},
     year = 2009,
    month = nov,
   volume = 705,
    pages = {936-961},
      doi = {10.1088/0004-637X/705/1/936},
   adsurl = {http://adsabs.harvard.edu/abs/2009ApJ...705..936B},
  adsnote = {Provided by the SAO/NASA Astrophysics Data System}
}





@ARTICLE{2009arXiv0909.1803B,
   author = {{Bouwens}, R.~J. and {Illingworth}, G.~D. and {Oesch}, P.~A. and 
	{Stiavelli}, M. and {van Dokkum}, P. and {Trenti}, M. and {Magee}, D. and 
	{Labbe}, I. and {Franx}, M. and {Carollo}, M.},
    title = "{z\~{}8 galaxies from ultra-deep WFC3/IR Observations over the HUDF}",
  journal = {ArXiv e-prints},
archivePrefix = "arXiv",
   eprint = {0909.1803},
 keywords = {Astrophysics - Cosmology and Extragalactic Astrophysics},
     year = 2009,
    month = sep,
   adsurl = {http://adsabs.harvard.edu/abs/2009arXiv0909.1803B},
  adsnote = {Provided by the SAO/NASA Astrophysics Data System}
}

@ARTICLE{2010ApJ...709L..16O,
   author = {{Oesch}, P.~A. and {Bouwens}, R.~J. and {Illingworth}, G.~D. and 
	{Carollo}, C.~M. and {Franx}, M. and {Labb{\'e}}, I. and {Magee}, D. and 
	{Stiavelli}, M. and {Trenti}, M. and {van Dokkum}, P.~G.},
    title = "{z \~{} 7 Galaxies in the HUDF: First Epoch WFC3/IR Results}",
  journal = {\apjl},
archivePrefix = "arXiv",
   eprint = {0909.1806},
 keywords = {galaxies: evolution, galaxies: high-redshift, galaxies: luminosity function, mass function },
     year = 2010,
    month = jan,
   volume = 709,
    pages = {L16-L20},
      doi = {10.1088/2041-8205/709/1/L16},
   adsurl = {http://adsabs.harvard.edu/abs/2010ApJ...709L..16O},
  adsnote = {Provided by the SAO/NASA Astrophysics Data System}
}


@ARTICLE{2009arXiv0909.2255B,
   author = {{Bunker}, A. and {Wilkins}, S. and {Ellis}, R. and {Stark}, D. and 
	{Lorenzoni}, S. and {Chiu}, K. and {Lacy}, M. and {Jarvis}, M. and 
	{Hickey}, S.},
    title = "{The Contribution of High Redshift Galaxies to Cosmic Reionization: New Results from Deep WFC3 Imaging of the Hubble Ultra Deep Field}",
  journal = {ArXiv e-prints},
archivePrefix = "arXiv",
   eprint = {0909.2255},
 keywords = {Astrophysics - Cosmology and Extragalactic Astrophysics},
     year = 2009,
    month = sep,
   adsurl = {http://adsabs.harvard.edu/abs/2009arXiv0909.2255B},
  adsnote = {Provided by the SAO/NASA Astrophysics Data System}
}

@ARTICLE{2009arXiv0909.2437M,
   author = {{McLure}, R.~J. and {Dunlop}, J.~S. and {Cirasuolo}, M. and 
	{Koekemoer}, A.~M. and {Sabbi}, E. and {Stark}, D.~P. and {Targett}, T.~A. and 
	{Ellis}, R.~S.},
    title = "{Galaxies at z = 6 - 9 from the WFC3/IR imaging of the HUDF}",
  journal = {ArXiv e-prints},
archivePrefix = "arXiv",
   eprint = {0909.2437},
 keywords = {Astrophysics - Cosmology and Extragalactic Astrophysics},
     year = 2009,
    month = sep,
   adsurl = {http://adsabs.harvard.edu/abs/2009arXiv0909.2437M},
  adsnote = {Provided by the SAO/NASA Astrophysics Data System}
}


@BOOK{1989agna.book.....O,
   author = {{Osterbrock}, D.~E.},
    title = "{Astrophysics of gaseous nebulae and active galactic nuclei}",
 keywords = {ACTIVE GALACTIC NUCLEI, ASTROPHYSICS, PLANETARY NEBULAE, QUASARS, SEYFERT GALAXIES, COMPUTATIONAL ASTROPHYSICS, COSMIC DUST, EMISSION SPECTRA, INTERSTELLAR MATTER, PHOTOIONIZATION, SPECTRUM ANALYSIS, STELLAR PHYSICS, SUPERNOVA REMNANTS, THERMODYNAMIC EQUILIBRIUM},
booktitle = {Research supported by the University of California, John Simon Guggenheim Memorial Foundation, University of Minnesota, et al.~Mill Valley, CA, University Science Books, 1989, 422 p.},
     year = 1989,
   editor = "{Osterbrock, D.~E.}",
   adsurl = {http://adsabs.harvard.edu/abs/1989agna.book.....O},
   adsnote = {Provided by the SAO/NASA Astrophysics Data System}
}

@ARTICLE{2009arXiv0909.0276H,
   author = {{Hambrick}, D.~C. and {Ostriker}, J.~P. and {Naab}, T. and {Johansson}, P.~H.
	},
    title = "{The Effects of the Ionizing Radiation Background on Galaxy Evolution}",
  journal = {ArXiv e-prints},
archivePrefix = "arXiv",
   eprint = {0909.0276},
 keywords = {Astrophysics - Galaxy Astrophysics},
     year = 2009,
    month = sep,
   adsurl = {http://adsabs.harvard.edu/abs/2009arXiv0909.0276H},
  adsnote = {Provided by the SAO/NASA Astrophysics Data System}
}
@ARTICLE{2001MNRAS.322..231K,
   author = {{Kroupa}, P.},
    title = "{On the variation of the initial mass function}",
  journal = {\mnras},
   eprint = {arXiv:astro-ph/0009005},
 keywords = {BINARIES: GENERAL, STARS: FORMATION, STARS: KINEMATICS, STARS: LUMINOSITY FUNCTION, MASS FUNCTION, GLOBULAR CLUSTERS: GENERAL, OPEN CLUSTERS AND ASSOCIATIONS: GENERAL},
     year = 2001,
    month = apr,
   volume = 322,
    pages = {231-246},
      doi = {10.1046/j.1365-8711.2001.04022.x},
   adsurl = {http://adsabs.harvard.edu/abs/2001MNRAS.322..231K},
  adsnote = {Provided by the SAO/NASA Astrophysics Data System}
}
@ARTICLE{2003PASP..115..763C,
   author = {{Chabrier}, G.},
    title = "{Galactic Stellar and Substellar Initial Mass Function}",
  journal = {\pasp},
   eprint = {arXiv:astro-ph/0304382},
 keywords = {Galaxies: Luminosity Function, Mass Function, Invited Reviews},
     year = 2003,
    month = jul,
   volume = 115,
    pages = {763-795},
      doi = {10.1086/376392},
   adsurl = {http://adsabs.harvard.edu/abs/2003PASP..115..763C},
  adsnote = {Provided by the SAO/NASA Astrophysics Data System}
}
@ARTICLE{2009MNRAS.395.2196M,
   author = {{McLure}, R.~J. and {Cirasuolo}, M. and {Dunlop}, J.~S. and 
	{Foucaud}, S. and {Almaini}, O.},
    title = "{The luminosity function, halo masses and stellar masses of luminous Lyman-break galaxies at redshifts 5 {\lt} z {\lt} 6}",
  journal = {\mnras},
archivePrefix = "arXiv",
   eprint = {0805.1335},
 keywords = {galaxies: evolution , galaxies: formation , galaxies: high-redshift},
     year = 2009,
    month = jun,
   volume = 395,
    pages = {2196-2209},
      doi = {10.1111/j.1365-2966.2009.14677.x},
   adsurl = {http://adsabs.harvard.edu/abs/2009MNRAS.395.2196M},
  adsnote = {Provided by the SAO/NASA Astrophysics Data System}
}
@ARTICLE{2006PASJ...58..313S,
   author = {{Shimasaku}, K. and {Kashikawa}, N. and {Doi}, M. and {Ly}, C. and 
	{Malkan}, M.~A. and {Matsuda}, Y. and {Ouchi}, M. and {Hayashino}, T. and 
	{Iye}, M. and {Motohara}, K. and {Murayama}, T. and {Nagao}, T. and 
	{Ohta}, K. and {Okamura}, S. and {Sasaki}, T. and {Shioya}, Y. and 
	{Taniguchi}, Y.},
    title = "{Ly{$\alpha$} Emitters at z = 5.7 in the Subaru Deep Field}",
  journal = {\pasj},
   eprint = {arXiv:astro-ph/0602614},
 keywords = {galaxies: evolution, galaxies: high-redshift, galaxies: luminosity function, mass function, galaxies: photometry},
     year = 2006,
    month = apr,
   volume = 58,
    pages = {313-334},
   adsurl = {http://adsabs.harvard.edu/abs/2006PASJ...58..313S},
  adsnote = {Provided by the SAO/NASA Astrophysics Data System}
}

@ARTICLE{2009ApJ...706.1136O,
   author = {{Ouchi}, M. and {Mobasher}, B. and {Shimasaku}, K. and {Ferguson}, H.~C. and 
	{Fall}, S.~M. and {Ono}, Y. and {Kashikawa}, N. and {Morokuma}, T. and 
	{Nakajima}, K. and {Okamura}, S. and {Dickinson}, M. and {Giavalisco}, M. and 
	{Ohta}, K.},
    title = "{Large Area Survey for z = 7 Galaxies in SDF and GOODS-N: Implications for Galaxy Formation and Cosmic Reionization}",
  journal = {\apj},
archivePrefix = "arXiv",
   eprint = {0908.3191},
 keywords = {cosmology: observations, galaxies: formation, galaxies: high-redshift },
     year = 2009,
    month = dec,
   volume = 706,
    pages = {1136-1151},
      doi = {10.1088/0004-637X/706/2/1136},
   adsurl = {http://adsabs.harvard.edu/abs/2009ApJ...706.1136O},
  adsnote = {Provided by the SAO/NASA Astrophysics Data System}
}

@ARTICLE{1999ApJS..123....3L,
   author = {{Leitherer}, C. and {Schaerer}, D. and {Goldader}, J.~D. and 
	{Gonz{\'a}lez Delgado}, R.~M. and {Robert}, C. and {Kune}, D.~F. and 
	{de Mello}, D.~F. and {Devost}, D. and {Heckman}, T.~M.},
    title = "{Starburst99: Synthesis Models for Galaxies with Active Star Formation}",
  journal = {\apjs},
   eprint = {arXiv:astro-ph/9902334},
 keywords = {GALAXIES: EVOLUTION, GALAXIES: FUNDAMENTAL PARAMETERS, GALAXIES: STARBURST, GALAXIES: STELLAR CONTENT, METHODS: NUMERICAL},
     year = 1999,
    month = jul,
   volume = 123,
    pages = {3-40},
      doi = {10.1086/313233},
   adsurl = {http://adsabs.harvard.edu/abs/1999ApJS..123....3L},
  adsnote = {Provided by the SAO/NASA Astrophysics Data System}
}



@ARTICLE{2001ApJ...562...95S,
   author = {{Shapley}, A.~E. and {Steidel}, C.~C. and {Adelberger}, K.~L. and 
	{Dickinson}, M. and {Giavalisco}, M. and {Pettini}, M.},
    title = "{The Rest-Frame Optical Properties of z\~{}=3 Galaxies}",
  journal = {\apj},
   eprint = {arXiv:astro-ph/0107324},
 keywords = {Galaxies: Evolution, Galaxies: Formation, Galaxies: High-Redshift, Galaxies: Starburst, Galaxies: Stellar Content, Infrared: Galaxies},
     year = 2001,
    month = nov,
   volume = 562,
    pages = {95-123},
      doi = {10.1086/323432},
   adsurl = {http://adsabs.harvard.edu/abs/2001ApJ...562...95S},
  adsnote = {Provided by the SAO/NASA Astrophysics Data System}
}

@ARTICLE{2003ApJ...599...38B,
   author = {{Benson}, A.~J. and {Bower}, R.~G. and {Frenk}, C.~S. and {Lacey}, C.~G. and 
	{Baugh}, C.~M. and {Cole}, S.},
    title = "{What Shapes the Luminosity Function of Galaxies?}",
  journal = {\apj},
   eprint = {arXiv:astro-ph/0302450},
 keywords = {Conduction, Galaxies: Cooling Flows, Galaxies: Evolution, Galaxies: Formation, Galaxies: Luminosity Function, Mass Function},
     year = 2003,
    month = dec,
   volume = 599,
    pages = {38-49},
      doi = {10.1086/379160},
   adsurl = {http://adsabs.harvard.edu/abs/2003ApJ...599...38B},
  adsnote = {Provided by the SAO/NASA Astrophysics Data System}
}

@ARTICLE{2006MNRAS.366..705N,
   author = {{Night}, C. and {Nagamine}, K. and {Springel}, V. and {Hernquist}, L.
	},
    title = "{Lyman break galaxies at z= 4-6 in cosmological smoothed particle hydrodynamics simulations}",
  journal = {\mnras},
   eprint = {arXiv:astro-ph/0503631},
     year = 2006,
    month = mar,
   volume = 366,
    pages = {705-716},
      doi = {10.1111/j.1365-2966.2005.09730.x},
   adsurl = {http://adsabs.harvard.edu/abs/2006MNRAS.366..705N},
  adsnote = {Provided by the SAO/NASA Astrophysics Data System}
}

@ARTICLE{2003ApJS..148..175S,
   author = {{Spergel}, D.~N. and {Verde}, L. and {Peiris}, H.~V. and {Komatsu}, E. and 
	{Nolta}, M.~R. and {Bennett}, C.~L. and {Halpern}, M. and {Hinshaw}, G. and 
	{Jarosik}, N. and {Kogut}, A. and {Limon}, M. and {Meyer}, S.~S. and 
	{Page}, L. and {Tucker}, G.~S. and {Weiland}, J.~L. and {Wollack}, E. and 
	{Wright}, E.~L.},
    title = "{First-Year Wilkinson Microwave Anisotropy Probe (WMAP) Observations: Determination of Cosmological Parameters}",
  journal = {\apjs},
   eprint = {arXiv:astro-ph/0302209},
 keywords = {Cosmology: Cosmic Microwave Background, Cosmology: Cosmological Parameters- Cosmology: Observations, Cosmology: Early Universe},
     year = 2003,
    month = sep,
   volume = 148,
    pages = {175-194},
      doi = {10.1086/377226},
   adsurl = {http://adsabs.harvard.edu/abs/2003ApJS..148..175S},
  adsnote = {Provided by the SAO/NASA Astrophysics Data System}
}

@ARTICLE{2009ApJS..180..306D,
   author = {{Dunkley}, J. and {Komatsu}, E. and {Nolta}, M.~R. and {Spergel}, D.~N. and 
	{Larson}, D. and {Hinshaw}, G. and {Page}, L. and {Bennett}, C.~L. and 
	{Gold}, B. and {Jarosik}, N. and {Weiland}, J.~L. and {Halpern}, M. and 
	{Hill}, R.~S. and {Kogut}, A. and {Limon}, M. and {Meyer}, S.~S. and 
	{Tucker}, G.~S. and {Wollack}, E. and {Wright}, E.~L.},
    title = "{Five-Year Wilkinson Microwave Anisotropy Probe Observations: Likelihoods and Parameters from the WMAP Data}",
  journal = {\apjs},
archivePrefix = "arXiv",
   eprint = {0803.0586},
 keywords = {cosmic microwave background, cosmology: observations, early universe, polarization },
     year = 2009,
    month = feb,
   volume = 180,
    pages = {306-329},
      doi = {10.1088/0067-0049/180/2/306},
   adsurl = {http://adsabs.harvard.edu/abs/2009ApJS..180..306D},
  adsnote = {Provided by the SAO/NASA Astrophysics Data System}
}
@ARTICLE{2000ApJ...538..473L,
   author = {{Lewis}, A. and {Challinor}, A. and {Lasenby}, A.},
    title = "{Efficient Computation of Cosmic Microwave Background Anisotropies in Closed Friedmann-Robertson-Walker Models}",
  journal = {\apj},
   eprint = {arXiv:astro-ph/9911177},
 keywords = {Cosmology: Cosmic Microwave Background, Cosmology: Theory},
     year = 2000,
    month = aug,
   volume = 538,
    pages = {473-476},
      doi = {10.1086/309179},
   adsurl = {http://adsabs.harvard.edu/abs/2000ApJ...538..473L},
  adsnote = {Provided by the SAO/NASA Astrophysics Data System}
}
@ARTICLE{sheth-tormen,
   author = {{Sheth}, R.~K. and {Tormen}, G.},
    title = "{Large-scale bias and the peak background split}",
  journal = {\mnras},
   eprint = {arXiv:astro-ph/9901122},
     year = 1999,
    month = sep,
   volume = 308,
    pages = {119-126},
      doi = {10.1046/j.1365-8711.1999.02692.x},
   adsurl = {http://adsabs.harvard.edu/abs/1999MNRAS.308..119S},
  adsnote = {Provided by the SAO/NASA Astrophysics Data System}
}

@ARTICLE{Haardt96,
   author = {{Haardt}, F. and {Madau}, P.},
    title = "{Radiative Transfer in a Clumpy Universe. II. The Ultraviolet Extragalactic Background}",
  journal = {\apj},
   eprint = {arXiv:astro-ph/9509093},
 keywords = {COSMOLOGY: THEORY, COSMOLOGY: DIFFUSE RADIATION, GALAXIES: INTERGALACTIC MEDIUM, GALAXIES: QUASARS: ABSORPTION LINES, RADIATIVE TRANSFER},
     year = 1996,
    month = apr,
   volume = 461,
    pages = {20-+},
      doi = {10.1086/177035},
   adsurl = {http://adsabs.harvard.edu/abs/1996ApJ...461...20H},
  adsnote = {Provided by the SAO/NASA Astrophysics Data System}
}

@ARTICLE{yepes:97,
   author = {{Yepes}, G. and {Kates}, R. and {Khokhlov}, A. and {Klypin}, A.
	},
    title = "{Hydrodynamical simulations of galaxy formation: effects of supernova feedback}",
  journal = {\mnras},
   eprint = {arXiv:astro-ph/9605182},
 keywords = {HYDRODYNAMICS, METHODS: NUMERICAL, GALAXIES: EVOLUTION, GALAXIES: FORMATION},
     year = 1997,
    month = jan,
   volume = 284,
    pages = {235-256},
   adsurl = {http://adsabs.harvard.edu/abs/1997MNRAS.284..235Y},
  adsnote = {Provided by the SAO/NASA Astrophysics Data System}
}
@ARTICLE{springel:03,
   author = {{Springel}, V. and {Hernquist}, L.},
    title = "{Cosmological smoothed particle hydrodynamics simulations: a hybrid multiphase model for star formation}",
  journal = {\mnras},
   eprint = {arXiv:astro-ph/0206393},
 keywords = {methods: numerical, galaxies: evolution, galaxies: formation},
     year = 2003,
    month = feb,
   volume = 339,
    pages = {289-311},
      doi = {10.1046/j.1365-8711.2003.06206.x},
   adsurl = {http://adsabs.harvard.edu/abs/2003MNRAS.339..289S},
  adsnote = {Provided by the SAO/NASA Astrophysics Data System}
}

@ARTICLE{1991ApJ...370L..85N,
   author = {{Neufeld}, D.~A.},
    title = "{The escape of Lyman-alpha radiation from a multiphase interstellar medium}",
  journal = {\apjl},
 keywords = {GALACTIC RADIATION, INTERSTELLAR MATTER, LYMAN ALPHA RADIATION, RADIATIVE TRANSFER, RADIO SOURCES (ASTRONOMY), CONTINUOUS RADIATION, EDDINGTON APPROXIMATION, INTERSTELLAR EXTINCTION},
     year = 1991,
    month = apr,
   volume = 370,
    pages = {L85-L88},
      doi = {10.1086/185983},
   adsurl = {http://adsabs.harvard.edu/abs/1991ApJ...370L..85N},
  adsnote = {Provided by the SAO/NASA Astrophysics Data System}
}

@ARTICLE{Springeletal01,
   author = {{Springel}, V. and {Yoshida}, N. and {White}, S.~D.~M.},
    title = "{GADGET: a code for collisionless and gasdynamical cosmological simulations}",
  journal = {New Astronomy},
   eprint = {arXiv:astro-ph/0003162},
     year = 2001,
    month = apr,
   volume = 6,
    pages = {79-117},
      doi = {10.1016/S1384-1076(01)00042-2},
   adsurl = {http://adsabs.harvard.edu/abs/2001NewA....6...79S},
  adsnote = {Provided by the SAO/NASA Astrophysics Data System}
}

@ARTICLE{Springel05,
   author = {{Springel}, V.},
    title = "{The cosmological simulation code GADGET-2}",
  journal = {\mnras},
   eprint = {arXiv:astro-ph/0505010},
     year = 2005,
    month = dec,
   volume = 364,
    pages = {1105-1134},
      doi = {10.1111/j.1365-2966.2005.09655.x},
   adsurl = {http://adsabs.harvard.edu/abs/2005MNRAS.364.1105S},
  adsnote = {Provided by the SAO/NASA Astrophysics Data System}
}
@ARTICLE{2006MNRAS.372..357M,
   author = {{McLure}, R.~J. and {Cirasuolo}, M. and {Dunlop}, J.~S. and 
	{Sekiguchi}, K. and {Almaini}, O. and {Foucaud}, S. and {Simpson}, C. and 
	{Watson}, M.~G. and {Hirst}, P. and {Page}, M.~J. and {Smail}, I.
	},
    title = "{The discovery of a significant sample of massive galaxies at redshifts 5 {\lt} z {\lt} 6 in the UKIDSS Ultra Deep Survey early data release}",
  journal = {\mnras},
   eprint = {arXiv:astro-ph/0606116},
 keywords = {galaxies: evolution: galaxies: formation: galaxies: high-redshift},
     year = 2006,
    month = oct,
   volume = 372,
    pages = {357-368},
      doi = {10.1111/j.1365-2966.2006.10864.x},
   adsurl = {http://adsabs.harvard.edu/abs/2006MNRAS.372..357M},
  adsnote = {Provided by the SAO/NASA Astrophysics Data System}
}

@ARTICLE{2007ApJ...670..928B,
   author = {{Bouwens}, R.~J. and {Illingworth}, G.~D. and {Franx}, M. and 
	{Ford}, H.},
    title = "{UV Luminosity Functions at z\~{}4, 5, and 6 from the Hubble Ultra Deep Field and Other Deep Hubble Space Telescope ACS Fields: Evolution and Star Formation History}",
  journal = {\apj},
archivePrefix = "arXiv",
   eprint = {0707.2080},
 keywords = {Galaxies: Evolution, Galaxies: High-Redshift},
     year = 2007,
    month = dec,
   volume = 670,
    pages = {928-958},
      doi = {10.1086/521811},
   adsurl = {http://adsabs.harvard.edu/abs/2007ApJ...670..928B},
  adsnote = {Provided by the SAO/NASA Astrophysics Data System}
}
@ARTICLE{Knollmann2009,
 author = {{Knollmann}, S.~R. and {Knebe}, A.},
 title = {{AHF: Amiga's Halo Finder}},
 journal = {\apjs},
 year = {2009},
 volume = {182},
 pages = {608-624},
 month = jun,
 adsnote = {Provided by the SAO/NASA Astrophysics Data System},
 archiveprefix = {arXiv},
 doi = {10.1088/0067-0049/182/2/608},
 eprint = {0904.3662},
 keywords = {methods: numerical },
 owner = {steffen},
 timestamp = {2009.06.01},
 url = {http://ads.ari.uni-heidelberg.de/abs/2009ApJS..182..608K}
}
@ARTICLE{Gill2004,
 author = {{Gill}, S.~P.~D. and {Knebe}, A. and {Gibson}, B.~K.},
 title = {{The evolution of substructure - I. A new identification method}},
 journal = {\mnras},
 year = {2004},
 volume = {351},
 pages = {399-409},
 month = jun,
 adsnote = {Provided by the Smithsonian/NASA Astrophysics Data System},
 doi = {10.1111/j.1365-2966.2004.07786.x},
 eprint = {arXiv:astro-ph/0404258},
 file = {Gill2004a.pdf:Gill2004a.pdf:PDF},
 owner = {steffen},
 timestamp = {2008.04.10},
 url = {http://adsabs.harvard.edu/abs/2004MNRAS.351..399G}
}


@ARTICLE{2000ApJ...539..718C,
   author = {{Charlot}, S. and {Fall}, S.~M.},
    title = "{A Simple Model for the Absorption of Starlight by Dust in Galaxies}",
  journal = {\apj},
   eprint = {arXiv:astro-ph/0003128},
 keywords = {ISM: Dust, Extinction, Galaxies: ISM, Galaxies: Starburst, Infrared: Galaxies, Ultraviolet: Galaxies},
     year = 2000,
    month = aug,
   volume = 539,
    pages = {718-731},
      doi = {10.1086/309250},
   adsurl = {http://adsabs.harvard.edu/abs/2000ApJ...539..718C},
  adsnote = {Provided by the SAO/NASA Astrophysics Data System}
}

@ARTICLE{1983A&A...128..212M,
   author = {{Mathis}, J.~S. and {Mezger}, P.~G. and {Panagia}, N.},
    title = "{Interstellar radiation field and dust temperatures in the diffuse interstellar matter and in giant molecular clouds}",
  journal = {\aap},
 keywords = {COSMIC DUST, INTERSTELLAR MATTER, INTERSTELLAR RADIATION, MOLECULAR CLOUDS, GRAPHITE, RADIATION DISTRIBUTION, RADIATIVE TRANSFER, SILICATES, TEMPERATURE PROFILES},
     year = 1983,
    month = nov,
   volume = 128,
    pages = {212-229},
   adsurl = {http://adsabs.harvard.edu/abs/1983A%26A...128..212M},
  adsnote = {Provided by the SAO/NASA Astrophysics Data System}
}
@ARTICLE{2004MNRAS.349..769K,
   author = {{Kong}, X. and {Charlot}, S. and {Brinchmann}, J. and {Fall}, S.~M.
	},
    title = "{Star formation history and dust content of galaxies drawn from ultraviolet surveys}",
  journal = {\mnras},
   eprint = {arXiv:astro-ph/0312474},
 keywords = {dust, extinction, galaxies: general, ultraviolet: galaxies},
     year = 2004,
    month = apr,
   volume = 349,
    pages = {769-778},
      doi = {10.1111/j.1365-2966.2004.07556.x},
   adsurl = {http://adsabs.harvard.edu/abs/2004MNRAS.349..769K},
  adsnote = {Provided by the SAO/NASA Astrophysics Data System}
}

@ARTICLE{2003MNRAS.343...75H,
   author = {{Hatton}, S. and {Devriendt}, J.~E.~G. and {Ninin}, S. and {Bouchet}, F.~R. and 
	{Guiderdoni}, B. and {Vibert}, D.},
    title = "{GALICS- I. A hybrid N-body/semi-analytic model of hierarchical galaxy formation}",
  journal = {\mnras},
   eprint = {arXiv:astro-ph/0309186},
 keywords = {galaxies: evolution, galaxies: formation},
     year = 2003,
    month = jul,
   volume = 343,
    pages = {75-106},
      doi = {10.1046/j.1365-8711.2003.05589.x},
   adsurl = {http://adsabs.harvard.edu/abs/2003MNRAS.343...75H},
  adsnote = {Provided by the SAO/NASA Astrophysics Data System}
}

@ARTICLE{2009ApJ...697.1493S,
   author = {{Stark}, D.~P. and {Ellis}, R.~S. and {Bunker}, A. and {Bundy}, K. and 
	{Targett}, T. and {Benson}, A. and {Lacy}, M.},
    title = "{The Evolutionary History of Lyman Break Galaxies Between Redshift 4 and 6: Observing Successive Generations of Massive Galaxies in Formation}",
  journal = {\apj},
archivePrefix = "arXiv",
   eprint = {0902.2907},
 keywords = {galaxies: evolution, galaxies: formation, galaxies: high-redshift, galaxies: starburst, surveys, ultraviolet: galaxies },
     year = 2009,
    month = jun,
   volume = 697,
    pages = {1493-1511},
      doi = {10.1088/0004-637X/697/2/1493},
   adsurl = {http://adsabs.harvard.edu/abs/2009ApJ...697.1493S},
  adsnote = {Provided by the SAO/NASA Astrophysics Data System}
}

@ARTICLE{2005MNRAS.359..171I,
   author = {{Inoue}, A.~K.},
    title = "{Attenuation law of normal disc galaxies with clumpy distributions of stars and dust}",
  journal = {\mnras},
   eprint = {arXiv:astro-ph/0502067},
     year = 2005,
    month = may,
   volume = 359,
    pages = {171-182},
      doi = {10.1111/j.1365-2966.2005.08890.x},
   adsurl = {http://adsabs.harvard.edu/abs/2005MNRAS.359..171I},
  adsnote = {Provided by the SAO/NASA Astrophysics Data System}
}
@ARTICLE{2004ApJ...611...40C,
   author = {{Cazaux}, S. and {Spaans}, M.},
    title = "{Molecular Hydrogen Formation on Dust Grains in the High-Redshift Universe}",
  journal = {\apj},
   eprint = {arXiv:astro-ph/0404340},
 keywords = {ISM: Dust, Extinction, Galaxies: Evolution, Galaxies: High-Redshift, ISM: Molecules},
     year = 2004,
    month = aug,
   volume = 611,
    pages = {40-51},
      doi = {10.1086/422087},
   adsurl = {http://adsabs.harvard.edu/abs/2004ApJ...611...40C},
  adsnote = {Provided by the SAO/NASA Astrophysics Data System}
}

@ARTICLE{2000ApJ...533..682C,
   author = {{Calzetti}, D. and {Armus}, L. and {Bohlin}, R.~C. and {Kinney}, A.~L. and 
	{Koornneef}, J. and {Storchi-Bergmann}, T.},
    title = "{The Dust Content and Opacity of Actively Star-forming Galaxies}",
  journal = {\apj},
   eprint = {arXiv:astro-ph/9911459},
 keywords = {GALAXIES: STARBURST, INFRARED: GALAXIES, INFRARED: ISM: CONTINUUM, ISM: DUST, EXTINCTION},
     year = 2000,
    month = apr,
   volume = 533,
    pages = {682-695},
      doi = {10.1086/308692},
   adsurl = {http://adsabs.harvard.edu/abs/2000ApJ...533..682C},
  adsnote = {Provided by the SAO/NASA Astrophysics Data System}
}

@ARTICLE{1998MNRAS.300..872M,
   author = {{Maraston}, C.},
    title = "{Evolutionary synthesis of stellar populations: a modular tool}",
  journal = {\mnras},
   eprint = {arXiv:astro-ph/9807338},
 keywords = {STARS: AGB AND POST-AGB, GALAXIES: EVOLUTION, MAGELLANIC CLOUDS, GALAXIES: STAR CLUSTERS, GALAXIES: STELLAR CONTENT},
     year = 1998,
    month = nov,
   volume = 300,
    pages = {872-892},
      doi = {10.1046/j.1365-8711.1998.01947.x},
   adsurl = {http://adsabs.harvard.edu/abs/1998MNRAS.300..872M},
  adsnote = {Provided by the SAO/NASA Astrophysics Data System}
}

@ARTICLE{1999A&A...350..381D,
   author = {{Devriendt}, J.~E.~G. and {Guiderdoni}, B. and {Sadat}, R.},
    title = "{Galaxy modelling. I. Spectral energy distributions from far-UV to sub-mm wavelengths}",
  journal = {\aap},
   eprint = {arXiv:astro-ph/9906332},
 keywords = {GALAXIES: EVOLUTION, GALAXIES: GENERAL},
     year = 1999,
    month = oct,
   volume = 350,
    pages = {381-398},
   adsurl = {http://adsabs.harvard.edu/abs/1999A%26A...350..381D},
  adsnote = {Provided by the SAO/NASA Astrophysics Data System}
}

@ARTICLE{2003MNRAS.344.1000B,
   author = {{Bruzual}, G. and {Charlot}, S.},
    title = "{Stellar population synthesis at the resolution of 2003}",
  journal = {\mnras},
   eprint = {arXiv:astro-ph/0309134},
     year = 2003,
    month = oct,
   volume = 344,
    pages = {1000-1028},
      doi = {10.1046/j.1365-8711.2003.06897.x},
   adsurl = {http://adsabs.harvard.edu/abs/2003MNRAS.344.1000B},
  adsnote = {Provided by the SAO/NASA Astrophysics Data System}
}

@ARTICLE{2009ApJ...693..507Y,
   author = {{Yabe}, K. and {Ohta}, K. and {Iwata}, I. and {Sawicki}, M. and 
	{Tamura}, N. and {Akiyama}, M. and {Aoki}, K.},
    title = "{The Stellar Populations of Lyman Break Galaxies at z \~{} 5}",
  journal = {\apj},
archivePrefix = "arXiv",
   eprint = {0811.2041},
 keywords = {galaxies: evolution, galaxies: high-redshift, galaxies: luminosity function, mass function, galaxies: stellar content },
     year = 2009,
    month = mar,
   volume = 693,
    pages = {507-533},
      doi = {10.1088/0004-637X/693/1/507},
   adsurl = {http://adsabs.harvard.edu/abs/2009ApJ...693..507Y},
  adsnote = {Provided by the SAO/NASA Astrophysics Data System}
}

@ARTICLE{2003MNRAS.342..439S,
   author = {{Stanway}, E.~R. and {Bunker}, A.~J. and {McMahon}, R.~G.},
    title = "{Lyman break galaxies and the star formation rate of the Universe at z\~{} 6}",
  journal = {\mnras},
   eprint = {arXiv:astro-ph/0302212},
 keywords = {surveys, galaxies: evolution, galaxies: formation, galaxies: high-redshift, galaxies: starburst, ultraviolet: galaxies},
     year = 2003,
    month = jun,
   volume = 342,
    pages = {439-445},
      doi = {10.1046/j.1365-8711.2003.06546.x},
   adsurl = {http://adsabs.harvard.edu/abs/2003MNRAS.342..439S},
  adsnote = {Provided by the SAO/NASA Astrophysics Data System}
}

@ARTICLE{1996AJ....112..352S,
   author = {{Steidel}, C.~C. and {Giavalisco}, M. and {Dickinson}, M. and 
	{Adelberger}, K.~L.},
    title = "{Spectroscopy of Lyman Break Galaxies in the Hubble Deep Field}",
  journal = {\aj},
   eprint = {arXiv:astro-ph/9604140},
 keywords = {GALAXIES: FUNDAMENTAL PARAMETERS, GALAXIES: DISTANCES AND REDSHIFTS},
     year = 1996,
    month = aug,
   volume = 112,
    pages = {352-+},
      doi = {10.1086/118019},
   adsurl = {http://adsabs.harvard.edu/abs/1996AJ....112..352S},
  adsnote = {Provided by the SAO/NASA Astrophysics Data System}
}

@ARTICLE{bouwens08,
   author = {{Bouwens}, R.~J. and {Illingworth}, G.~D. and {Franx}, M. and 
	{Ford}, H.},
    title = "{z \~{} 7-10 Galaxies in the HUDF and GOODS Fields: UV Luminosity Functions}",
  journal = {\apj},
archivePrefix = "arXiv",
   eprint = {0803.0548},
 keywords = {Galaxies: Evolution, Galaxies: High-Redshift},
     year = 2008,
    month = oct,
   volume = 686,
    pages = {230-250},
      doi = {10.1086/590103},
   adsurl = {http://adsabs.harvard.edu/abs/2008ApJ...686..230B},
  adsnote = {Provided by the SAO/NASA Astrophysics Data System}
}

@ARTICLE{iwata07,
   author = {{Iwata}, I. and {Ohta}, K. and {Tamura}, N. and {Akiyama}, M. and 
	{Aoki}, K. and {Ando}, M. and {Kiuchi}, G. and {Sawicki}, M.
	},
    title = "{Differential evolution of the UV luminosity function of Lyman break galaxies from z \~{} 5 to 3}",
  journal = {\mnras},
   eprint = {arXiv:astro-ph/0701841},
 keywords = {galaxies: evolution, galaxies: formation, galaxies: high-redshift, galaxies: luminosity function, cosmology: observations},
     year = 2007,
    month = apr,
   volume = 376,
    pages = {1557-1576},
      doi = {10.1111/j.1365-2966.2007.11557.x},
   adsurl = {http://adsabs.harvard.edu/abs/2007MNRAS.376.1557I},
  adsnote = {Provided by the SAO/NASA Astrophysics Data System}
}

@ARTICLE{Hayashi06,
   author = {{Hayashi}, E. and {White}, S.~D.~M.},
    title = "{How rare is the bullet cluster?}",
  journal = {\mnras},
   eprint = {arXiv:astro-ph/0604443},
 keywords = {galaxies: clusters: individual: 1E 0657-56: galaxies: formation: dark matter},
     year = 2006,
    month = jul,
   volume = 370,
    pages = {L38-L41},
      doi = {10.1111/j.1745-3933.2006.00184.x},
   adsurl = {http://adsabs.harvard.edu/abs/2006MNRAS.370L..38H},
  adsnote = {Provided by the SAO/NASA Astrophysics Data System}
}



@ARTICLE{1996Natur.382..281H,
   author = {{Hu}, E. and {McMahon}, R.~G.},
    title = "{Detection of Lyman{$\alpha$} emitting galaxies at redshift z = 4.55}",
  journal = {\nat},
     year = 1996,
    month = jul,
   volume = 382,
    pages = {281-+},
   adsurl = {http://adsabs.harvard.edu/abs/1996Natur.382..281H},
  adsnote = {Provided by the SAO/NASA Astrophysics Data System}
}

@ARTICLE{2002ApJ...568L..75H,
   author = {{Hu}, E.~M. and {Cowie}, L.~L. and {McMahon}, R.~G. and {Capak}, P. and 
	{Iwamuro}, F. and {Kneib}, {J.-P.} and {Maihara}, T. and {Motohara}, K.
	},
    title = "{A Redshift z=6.56 Galaxy behind the Cluster Abell 370}",
  journal = {\apjl},
   eprint = {arXiv:astro-ph/0203091},
 keywords = {Cosmology: Observations, Cosmology: Early Universe, Galaxies: Distances and Redshifts, Galaxies: Evolution, Galaxies: Formation},
     year = 2002,
    month = apr,
   volume = 568,
    pages = {L75-L79},
      doi = {10.1086/340424},
   adsurl = {http://adsabs.harvard.edu/abs/2002ApJ...568L..75H},
  adsnote = {Provided by the SAO/NASA Astrophysics Data System}
}

@INPROCEEDINGS{2005pgqa.conf..363H,
   author = {{Hu}, E.~M. and {Cowie}, L.~L. and {Capak}, P. and {Kakazu}, Y.
	},
    title = "{Spectroscopic studies of {$z \tilde 5.7$} and {$z \tilde 6.5$} galaxies: implications for reionisation}",
booktitle = {IAU Colloq. 199: Probing Galaxies through Quasar Absorption Lines},
     year = 2005,
   eprint = {arXiv:astro-ph/0509616},
   editor = "{P.~Williams, C.-G.~Shu, \& B.~Menard}",
    month = mar,
    pages = {363-368},
      doi = {10.1017/S1743921305002826},
   adsurl = {http://adsabs.harvard.edu/abs/2005pgqa.conf..363H},
  adsnote = {Provided by the SAO/NASA Astrophysics Data System}
}

@ARTICLE{2013MNRAS.431.1777G,
   author = {{Greig}, B. and {Komatsu}, E. and {Wyithe}, J.~S.~B.},
    title = "{Cosmology from clustering of Ly{$\alpha$} galaxies: breaking non-gravitational Ly{$\alpha$} radiative transfer degeneracies using the bispectrum}",
  journal = {\mnras},
archivePrefix = "arXiv",
   eprint = {1212.0977},
 keywords = {galaxies: high-redshift, cosmology: theory, large-scale structure of Universe},
     year = 2013,
    month = may,
   volume = 431,
    pages = {1777-1794},
      doi = {10.1093/mnras/stt292},
   adsurl = {http://adsabs.harvard.edu/abs/2013MNRAS.431.1777G},
  adsnote = {Provided by the SAO/NASA Astrophysics Data System}
}


@ARTICLE{2010MNRAS.409..184P,
   author = {{Padilla}, N.~D. and {Christlein}, D. and {Gawiser}, E. and 
	{Gonz{\'a}lez}, R.~E. and {Guaita}, L. and {Infante}, L.},
    title = "{Clustering and descendants of MUSYC galaxies at z $\lt$ 1.5}",
  journal = {\mnras},
archivePrefix = "arXiv",
   eprint = {1006.5645},
 keywords = {galaxies: distances and redshifts, galaxies: statistics, cosmology: observations, large-scale structure of Universe},
     year = 2010,
    month = nov,
   volume = 409,
    pages = {184-198},
      doi = {10.1111/j.1365-2966.2010.17317.x},
   adsurl = {http://adsabs.harvard.edu/abs/2010MNRAS.409..184P},
  adsnote = {Provided by the SAO/NASA Astrophysics Data System}
}


@ARTICLE{2008MNRAS.391.1589O,
   author = {{Orsi}, A. and {Lacey}, C.~G. and {Baugh}, C.~M. and {Infante}, L.
	},
    title = "{The clustering of Ly{$\alpha$} emitters in a {$\Lambda$}CDM Universe}",
  journal = {\mnras},
archivePrefix = "arXiv",
   eprint = {0807.3447},
 keywords = {methods: N-body simulations , methods: numerical , galaxies: evolution , galaxies: high-redshift , large-scale structure of Universe},
     year = 2008,
    month = dec,
   volume = 391,
    pages = {1589-1604},
      doi = {10.1111/j.1365-2966.2008.14010.x},
   adsurl = {http://adsabs.harvard.edu/abs/2008MNRAS.391.1589O},
  adsnote = {Provided by the SAO/NASA Astrophysics Data System}
}

@ARTICLE{2007ApJ...668...15K,
   author = {{Kova{\v c}}, K. and {Somerville}, R.~S. and {Rhoads}, J.~E. and 
	{Malhotra}, S. and {Wang}, J.},
    title = "{Clustering of Ly{$\alpha$} Emitters at z \~{} 4.5}",
  journal = {\apj},
archivePrefix = "arXiv",
   eprint = {0706.0893},
 keywords = {Galaxies: High-Redshift, Cosmology: Large-Scale Structure of Universe},
     year = 2007,
    month = oct,
   volume = 668,
    pages = {15-22},
      doi = {10.1086/520668},
   adsurl = {http://adsabs.harvard.edu/abs/2007ApJ...668...15K},
  adsnote = {Provided by the SAO/NASA Astrophysics Data System}
}


@ARTICLE{2007ApJ...671..278G,
   author = {{Gawiser}, E. and {Francke}, H. and {Lai}, K. and {Schawinski}, K. and 
	{Gronwall}, C. and {Ciardullo}, R. and {Quadri}, R. and {Orsi}, A. and 
	{Barrientos}, L.~F. and {Blanc}, G.~A. and {Fazio}, G. and {Feldmeier}, J.~J. and 
	{Huang}, J.-s. and {Infante}, L. and {Lira}, P. and {Padilla}, N. and 
	{Taylor}, E.~N. and {Treister}, E. and {Urry}, C.~M. and {van Dokkum}, P.~G. and 
	{Virani}, S.~N.},
    title = "{Ly{$\alpha$}-Emitting Galaxies at z = 3.1: L* Progenitors Experiencing Rapid Star Formation}",
  journal = {\apj},
archivePrefix = "arXiv",
   eprint = {0710.2697},
 keywords = {Galaxies: Evolution, Galaxies: Formation, Galaxies: High-Redshift, Cosmology: Large-Scale Structure of Universe},
     year = 2007,
    month = dec,
   volume = 671,
    pages = {278-284},
      doi = {10.1086/522955},
   adsurl = {http://adsabs.harvard.edu/abs/2007ApJ...671..278G},
  adsnote = {Provided by the SAO/NASA Astrophysics Data System}
}


@ARTICLE{2004AJ....128.2073H,
   author = {{Hayashino}, T. and {Matsuda}, Y. and {Tamura}, H. and {Yamauchi}, R. and 
	{Yamada}, T. and {Ajiki}, M. and {Fujita}, S.~S. and {Murayama}, T. and 
	{Nagao}, T. and {Ohta}, K. and {Okamura}, S. and {Ouchi}, M. and 
	{Shimasaku}, K. and {Shioya}, Y. and {Taniguchi}, Y.},
    title = "{Large-Scale Structure of Emission-Line Galaxies at z=3.1}",
  journal = {\aj},
 keywords = {Cosmology: Observations, Galaxies: High-Redshift, Galaxies: Photometry, Cosmology: Large-Scale Structure of Universe},
     year = 2004,
    month = nov,
   volume = 128,
    pages = {2073-2079},
      doi = {10.1086/424935},
   adsurl = {http://adsabs.harvard.edu/abs/2004AJ....128.2073H},
  adsnote = {Provided by the SAO/NASA Astrophysics Data System}
}


@ARTICLE{2004AJ....127..563H,
   author = {{Hu}, E.~M. and {Cowie}, L.~L. and {Capak}, P. and {McMahon}, R.~G. and 
	{Hayashino}, T. and {Komiyama}, Y.},
    title = "{The Luminosity Function of Ly{$\alpha$} Emitters at Redshift z\~{}5.7}",
  journal = {\aj},
   eprint = {arXiv:astro-ph/0311528},
 keywords = {Cosmology: Observations, Cosmology: Early Universe, Galaxies: Distances and Redshifts, Galaxies: Evolution, Galaxies: Formation},
     year = 2004,
    month = feb,
   volume = 127,
    pages = {563-575},
      doi = {10.1086/381302},
   adsurl = {http://adsabs.harvard.edu/abs/2004AJ....127..563H},
  adsnote = {Provided by the SAO/NASA Astrophysics Data System}
}

@ARTICLE{1998ApJ...502L..99H,
   author = {{Hu}, E.~M. and {Cowie}, L.~L. and {McMahon}, R.~G.},
    title = "{The Density of Ly alpha Emitters at Very High Redshift}",
  journal = {\apjl},
   eprint = {arXiv:astro-ph/9803011},
 keywords = {COSMOLOGY: OBSERVATIONS, COSMOLOGY: EARLY UNIVERSE, GALAXIES: EVOLUTION, GALAXIES: FORMATION},
     year = 1998,
    month = aug,
   volume = 502,
    pages = {L99+},
      doi = {10.1086/311506},
   adsurl = {http://adsabs.harvard.edu/abs/1998ApJ...502L..99H},
  adsnote = {Provided by the SAO/NASA Astrophysics Data System}
}

@ARTICLE{1999ApJ...522L...9H,
   author = {{Hu}, E.~M. and {McMahon}, R.~G. and {Cowie}, L.~L.},
    title = "{An Extremely Luminous Galaxy at Z = 5.74}",
  journal = {\apjl},
   eprint = {arXiv:astro-ph/9907079},
 keywords = {COSMOLOGY: OBSERVATIONS, COSMOLOGY: EARLY UNIVERSE, GALAXIES: EVOLUTION, GALAXIES: FORMATION},
     year = 1999,
    month = sep,
   volume = 522,
    pages = {L9-L12},
      doi = {10.1086/312205},
   adsurl = {http://adsabs.harvard.edu/abs/1999ApJ...522L...9H},
  adsnote = {Provided by the SAO/NASA Astrophysics Data System}
}

@ARTICLE{2009MNRAS.399...37J,
   author = {{Johnson}, J.~L. and {Greif}, T.~H. and {Bromm}, V. and {Klessen}, R.~S. and 
	{Ippolito}, J.},
    title = "{The first galaxies: signatures of the initial starburst}",
  journal = {\mnras},
archivePrefix = "arXiv",
   eprint = {0902.3263},
 primaryClass = "astro-ph.CO",
 keywords = {HII regions , galaxies: formation , cosmology: theory , early Universe , ultraviolet: galaxies},
     year = 2009,
    month = oct,
   volume = 399,
    pages = {37-47},
      doi = {10.1111/j.1365-2966.2009.15158.x},
   adsurl = {http://adsabs.harvard.edu/abs/2009MNRAS.399...37J},
  adsnote = {Provided by the SAO/NASA Astrophysics Data System}
}

@ARTICLE{2011ApJ...731...54P,
   author = {{Pawlik}, A.~H. and {Milosavljevi{\'c}}, M. and {Bromm}, V.},
    title = "{The First Galaxies: Assembly of Disks and Prospects for Direct Detection}",
  journal = {\apj},
archivePrefix = "arXiv",
   eprint = {1011.0438},
 primaryClass = "astro-ph.CO",
 keywords = {cosmology: observations, galaxies: formation, galaxies: high-redshift, hydrodynamics, intergalactic medium, stars: formation},
     year = 2011,
    month = apr,
   volume = 731,
      eid = {54},
    pages = {54},
      doi = {10.1088/0004-637X/731/1/54},
   adsurl = {http://adsabs.harvard.edu/abs/2011ApJ...731...54P},
  adsnote = {Provided by the SAO/NASA Astrophysics Data System}
}

@ARTICLE{Z12,
   author = {{Zackrisson}, E. and {Zitrin}, A. and {Trenti}, M. and {Rydberg}, C.-E. and 
	{Guaita}, L. and {Schaerer}, D. and {Broadhurst}, T. and {Ostlin}, G. and 
	{Strom}, T.},
    title = "{Detecting gravitationally lensed population III galaxies with HST and JWST}",
  journal = {ArXiv e-prints},
archivePrefix = "arXiv",
   eprint = {1204.0517},
 primaryClass = "astro-ph.CO",
 keywords = {Astrophysics - Cosmology and Extragalactic Astrophysics},
     year = 2012,
    month = apr,
   adsurl = {http://adsabs.harvard.edu/abs/2012arXiv1204.0517Z},
  adsnote = {Provided by the SAO/NASA Astrophysics Data System}
}

@ARTICLE{Pritchard10,
   author = {{Pritchard}, J.~R. and {Loeb}, A. and {Wyithe}, J.~S.~B.},
    title = "{Constraining reionization using 21-cm observations in combination with CMB and Ly{$\alpha$} forest data}",
  journal = {\mnras},
archivePrefix = "arXiv",
   eprint = {0908.3891},
 primaryClass = "astro-ph.CO",
 keywords = {galaxies: high-redshift, intergalactic medium, cosmology: theory, diffuse radiation},
     year = 2010,
    month = oct,
   volume = 408,
    pages = {57-70},
      doi = {10.1111/j.1365-2966.2010.17150.x},
   adsurl = {http://adsabs.harvard.edu/abs/2010MNRAS.408...57P},
  adsnote = {Provided by the SAO/NASA Astrophysics Data System}
}

@ARTICLE{Mesinger10,
   author = {{Mesinger}, A.},
    title = "{Was reionization complete by z \~{} 5-6?}",
  journal = {\mnras},
archivePrefix = "arXiv",
   eprint = {0910.4161},
 primaryClass = "astro-ph.CO",
 keywords = {galaxies: formation, galaxies: high-redshift, cosmology: theory, dark ages, reionization, first stars, diffuse radiation, early Universe},
     year = 2010,
    month = sep,
   volume = 407,
    pages = {1328-1337},
      doi = {10.1111/j.1365-2966.2010.16995.x},
   adsurl = {http://adsabs.harvard.edu/abs/2010MNRAS.407.1328M},
  adsnote = {Provided by the SAO/NASA Astrophysics Data System}
}

@ARTICLE{Robertson10,
   author = {{Robertson}, B.~E. and {Ellis}, R.~S. and {Dunlop}, J.~S. and 
	{McLure}, R.~J. and {Stark}, D.~P.},
    title = "{Early star-forming galaxies and the reionization of the Universe}",
  journal = {\nat},
archivePrefix = "arXiv",
   eprint = {1011.0727},
 primaryClass = "astro-ph.CO",
     year = 2010,
    month = nov,
   volume = 468,
    pages = {49-55},
      doi = {10.1038/nature09527},
   adsurl = {http://adsabs.harvard.edu/abs/2010Natur.468...49R},
  adsnote = {Provided by the SAO/NASA Astrophysics Data System}
}

@ARTICLE{Steidel96,
   author = {{Steidel}, C.~C. and {Giavalisco}, M. and {Pettini}, M. and 
	{Dickinson}, M. and {Adelberger}, K.~L.},
    title = "{Spectroscopic Confirmation of a Population of Normal Star-forming Galaxies at Redshifts Z {\gt} 3}",
  journal = {\apjl},
   eprint = {arXiv:astro-ph/9602024},
 keywords = {COSMOLOGY: OBSERVATIONS, GALAXIES: FORMATION, GALAXIES: EVOLUTION, GALAXIES: DISTANCES AND REDSHIFTS},
     year = 1996,
    month = may,
   volume = 462,
    pages = {L17},
      doi = {10.1086/310029},
   adsurl = {http://adsabs.harvard.edu/abs/1996ApJ...462L..17S},
  adsnote = {Provided by the SAO/NASA Astrophysics Data System}
}

@ARTICLE{Rhoads00,
   author = {{Rhoads}, J.~E. and {Malhotra}, S. and {Dey}, A. and {Stern}, D. and 
	{Spinrad}, H. and {Jannuzi}, B.~T.},
    title = "{First Results from the Large-Area Lyman Alpha Survey}",
  journal = {\apjl},
   eprint = {arXiv:astro-ph/0003465},
 keywords = {Galaxies: General},
     year = 2000,
    month = dec,
   volume = 545,
    pages = {L85-L88},
      doi = {10.1086/317874},
   adsurl = {http://adsabs.harvard.edu/abs/2000ApJ...545L..85R},
  adsnote = {Provided by the SAO/NASA Astrophysics Data System}
}

@ARTICLE{Shimizu11,
   author = {{Shimizu}, I. and {Yoshida}, N. and {Okamoto}, T.},
    title = "{Lyman {$\alpha$} emitters in cosmological simulations - I. Lyman {$\alpha$} escape fraction and statistical properties at z= 3.1}",
  journal = {\mnras},
archivePrefix = "arXiv",
   eprint = {1102.1509},
 primaryClass = "astro-ph.CO",
 keywords = {galaxies: evolution, galaxies: formation, galaxies: high redshift, galaxies: Ly{$\alpha$} emitters, large-scale structure of Universe},
     year = 2011,
    month = dec,
   volume = 418,
    pages = {2273-2282},
      doi = {10.1111/j.1365-2966.2011.19549.x},
   adsurl = {http://adsabs.harvard.edu/abs/2011MNRAS.418.2273S},
  adsnote = {Provided by the SAO/NASA Astrophysics Data System}
}

@ARTICLE{Ouchi08,
   author = {{Ouchi}, M. and {Shimasaku}, K. and {Akiyama}, M. and {Simpson}, C. and 
	{Saito}, T. and {Ueda}, Y. and {Furusawa}, H. and {Sekiguchi}, K. and 
	{Yamada}, T. and {Kodama}, T. and {Kashikawa}, N. and {Okamura}, S. and 
	{Iye}, M. and {Takata}, T. and {Yoshida}, M. and {Yoshida}, M.
	},
    title = "{The Subaru/XMM-Newton Deep Survey (SXDS). IV. Evolution of Ly{$\alpha$} Emitters from z=3.1 to 5.7 in the 1 deg$^{2}$ Field: Luminosity Functions and AGN}",
  journal = {\apjs},
archivePrefix = "arXiv",
   eprint = {0707.3161},
 keywords = {Cosmology: Observations, Galaxies: Formation, Galaxies: High-Redshift},
     year = 2008,
    month = jun,
   volume = 176,
    pages = {301-330},
      doi = {10.1086/527673},
   adsurl = {http://adsabs.harvard.edu/abs/2008ApJS..176..301O},
  adsnote = {Provided by the SAO/NASA Astrophysics Data System}
}

@ARTICLE{Raiter10,
   author = {{Raiter}, A. and {Schaerer}, D. and {Fosbury}, R.~A.~E.},
    title = "{Predicted UV properties of very metal-poor starburst galaxies}",
  journal = {\aap},
archivePrefix = "arXiv",
   eprint = {1008.2114},
 primaryClass = "astro-ph.CO",
 keywords = {galaxies: high-redshift, galaxies: evolution, galaxies: starburst, early Universe},
     year = 2010,
    month = nov,
   volume = 523,
      eid = {A64},
    pages = {A64},
      doi = {10.1051/0004-6361/201015236},
   adsurl = {http://adsabs.harvard.edu/abs/2010A%26A...523A..64R},
  adsnote = {Provided by the SAO/NASA Astrophysics Data System}
}

@ARTICLE{Kennicutt98,
   author = {{Kennicutt}, Jr., R.~C.},
    title = "{Star Formation in Galaxies Along the Hubble Sequence}",
  journal = {\araa},
   eprint = {arXiv:astro-ph/9807187},
     year = 1998,
   volume = 36,
    pages = {189-232},
      doi = {10.1146/annurev.astro.36.1.189},
   adsurl = {http://adsabs.harvard.edu/abs/1998ARA%26A..36..189K},
  adsnote = {Provided by the SAO/NASA Astrophysics Data System}
}



@ARTICLE{Stark11a,
   author = {{Stark}, D.~P. and {Ellis}, R.~S. and {Chiu}, K. and {Ouchi}, M. and 
	{Bunker}, A.},
    title = "{Keck spectroscopy of faint 3 {\lt} z {\lt} 7 Lyman break galaxies - I. New constraints on cosmic reionization from the luminosity and redshift-dependent fraction of Lyman {$\alpha$} emission}",
  journal = {\mnras},
archivePrefix = "arXiv",
   eprint = {1003.5244},
 primaryClass = "astro-ph.CO",
 keywords = {galaxies: evolution, galaxies: formation, galaxies: high-redshift, cosmology: observations},
     year = 2010,
    month = nov,
   volume = 408,
    pages = {1628-1648},
      doi = {10.1111/j.1365-2966.2010.17227.x},
   adsurl = {http://adsabs.harvard.edu/abs/2010MNRAS.408.1628S},
  adsnote = {Provided by the SAO/NASA Astrophysics Data System}
}

@ARTICLE{Stark11b,
   author = {{Stark}, D.~P. and {Ellis}, R.~S. and {Ouchi}, M.},
    title = "{Keck Spectroscopy of Faint 3{\gt}z{\gt}7 Lyman Break Galaxies: A High Fraction of Line Emitters at Redshift Six}",
  journal = {\apjl},
archivePrefix = "arXiv",
   eprint = {1009.5471},
 primaryClass = "astro-ph.CO",
 keywords = {galaxies: evolution, galaxies: formation, galaxies: high-redshift, galaxies: starburst},
     year = 2011,
    month = feb,
   volume = 728,
      eid = {L2},
    pages = {L2},
      doi = {10.1088/2041-8205/728/1/L2},
   adsurl = {http://adsabs.harvard.edu/abs/2011ApJ...728L...2S},
  adsnote = {Provided by the SAO/NASA Astrophysics Data System}
}

@ARTICLE{Ono12,
   author = {{Ono}, Y. and {Ouchi}, M. and {Mobasher}, B. and {Dickinson}, M. and 
	{Penner}, K. and {Shimasaku}, K. and {Weiner}, B.~J. and {Kartaltepe}, J.~S. and 
	{Nakajima}, K. and {Nayyeri}, H. and {Stern}, D. and {Kashikawa}, N. and 
	{Spinrad}, H.},
    title = "{Spectroscopic Confirmation of Three z-dropout Galaxies at z = 6.844-7.213: Demographics of Ly{$\alpha$} Emission in z \~{} 7 Galaxies}",
  journal = {\apj},
archivePrefix = "arXiv",
   eprint = {1107.3159},
 primaryClass = "astro-ph.CO",
 keywords = {cosmology: observations, galaxies: evolution, galaxies: formation, galaxies: high-redshift},
     year = 2012,
    month = jan,
   volume = 744,
      eid = {83},
    pages = {83},
      doi = {10.1088/0004-637X/744/2/83},
   adsurl = {http://adsabs.harvard.edu/abs/2012ApJ...744...83O},
  adsnote = {Provided by the SAO/NASA Astrophysics Data System}
}

@ARTICLE{2007MNRAS.377.1175D,
   author = {{Dijkstra}, M. and {Lidz}, A. and {Wyithe}, J.~S.~B.},
    title = "{The impact of The IGM on high-redshift Ly{$\alpha$} emission lines}",
  journal = {\mnras},
   eprint = {astro-ph/0701667},
 keywords = {line: profiles , radiative transfer , galaxies: high redshift , cosmology: theory},
     year = 2007,
    month = may,
   volume = 377,
    pages = {1175-1186},
      doi = {10.1111/j.1365-2966.2007.11666.x},
   adsurl = {http://adsabs.harvard.edu/abs/2007MNRAS.377.1175D},
  adsnote = {Provided by the SAO/NASA Astrophysics Data System}
}


@ARTICLE{Pentericci11,
   author = {{Pentericci}, L. and {Fontana}, A. and {Vanzella}, E. and {Castellano}, M. and 
	{Grazian}, A. and {Dijkstra}, M. and {Boutsia}, K. and {Cristiani}, S. and 
	{Dickinson}, M. and {Giallongo}, E. and {Giavalisco}, M. and 
	{Maiolino}, R. and {Moorwood}, A. and {Paris}, D. and {Santini}, P.
	},
    title = "{Spectroscopic Confirmation of z \~{} 7 Lyman Break Galaxies: Probing the Earliest Galaxies and the Epoch of Reionization}",
  journal = {\apj},
archivePrefix = "arXiv",
   eprint = {1107.1376},
 primaryClass = "astro-ph.CO",
 keywords = {galaxies: distances and redshifts, galaxies: formation},
     year = 2011,
    month = dec,
   volume = 743,
      eid = {132},
    pages = {132},
      doi = {10.1088/0004-637X/743/2/132},
   adsurl = {http://adsabs.harvard.edu/abs/2011ApJ...743..132P},
  adsnote = {Provided by the SAO/NASA Astrophysics Data System}
}

@ARTICLE{Schenker12,
   author = {{Schenker}, M.~A. and {Stark}, D.~P. and {Ellis}, R.~S. and 
	{Robertson}, B.~E. and {Dunlop}, J.~S. and {McLure}, R.~J. and 
	{Kneib}, J.-P. and {Richard}, J.},
    title = "{Keck Spectroscopy of Faint 3 {\lt} z {\lt} 8 Lyman Break Galaxies: Evidence for a Declining Fraction of Emission Line Sources in the Redshift Range 6 {\lt} z {\lt} 8}",
  journal = {\apj},
archivePrefix = "arXiv",
   eprint = {1107.1261},
 primaryClass = "astro-ph.CO",
 keywords = {galaxies: evolution, galaxies: formation, galaxies: high-redshift, galaxies: starburst },
     year = 2012,
    month = jan,
   volume = 744,
      eid = {179},
    pages = {179},
      doi = {10.1088/0004-637X/744/2/179},
   adsurl = {http://adsabs.harvard.edu/abs/2012ApJ...744..179S},
  adsnote = {Provided by the SAO/NASA Astrophysics Data System}
}


@ARTICLE{2012MNRAS.423.3018P,
   author = {{Prada}, F. and {Klypin}, A.~A. and {Cuesta}, A.~J. and {Betancort-Rijo}, J.~E. and 
	{Primack}, J.},
    title = "{Halo concentrations in the standard {$\Lambda$} cold dark matter cosmology}",
  journal = {\mnras},
archivePrefix = "arXiv",
   eprint = {1104.5130},
 keywords = {galaxies: haloes, cosmology: theory, dark matter},
     year = 2012,
    month = jul,
   volume = 423,
    pages = {3018-3030},
      doi = {10.1111/j.1365-2966.2012.21007.x},
   adsurl = {http://adsabs.harvard.edu/abs/2012MNRAS.423.3018P},
  adsnote = {Provided by the SAO/NASA Astrophysics Data System}
}


@ARTICLE{CLARA,
   author = {{Forero-Romero}, J.~E. and {Yepes}, G. and {Gottl{\"o}ber}, S. and 
	{Knollmann}, S.~R. and {Cuesta}, A.~J. and {Prada}, F.},
    title = "{CLARA's view on the escape fraction of Lyman {$\alpha$} photons in high-redshift galaxies}",
  journal = {\mnras},
archivePrefix = "arXiv",
   eprint = {1104.5586},
 primaryClass = "astro-ph.CO",
 keywords = {galaxies: evolution, galaxies: formation, galaxies: high-redshift},
     year = 2011,
    month = aug,
   volume = 415,
    pages = {3666-3680},
      doi = {10.1111/j.1365-2966.2011.18983.x},
   adsurl = {http://adsabs.harvard.edu/abs/2011MNRAS.415.3666F},
  adsnote = {Provided by the SAO/NASA Astrophysics Data System}
}


@ARTICLE{Forero12,
   author = {{Forero-Romero}, J.~E. and {Yepes}, G. and {Gottl{\"o}ber}, S. and 
	{Prada}, F.},
    title = "{Modelling the fraction of Lyman break galaxies with strong Lyman {$\alpha$} emission at 5 {$\le$} z {$\le$} 7.}",
  journal = {\mnras},
archivePrefix = "arXiv",
   eprint = {1109.0228},
 primaryClass = "astro-ph.CO",
 keywords = {galaxies: evolution, galaxies: high-redshift},
     year = 2012,
    month = jan,
   volume = 419,
    pages = {952-958},
      doi = {10.1111/j.1365-2966.2011.19744.x},
   adsurl = {http://adsabs.harvard.edu/abs/2012MNRAS.419..952F},
  adsnote = {Provided by the SAO/NASA Astrophysics Data System}
}

@ARTICLE{Dijkstra11,
   author = {{Dijkstra}, M. and {Mesinger}, A. and {Wyithe}, J.~S.~B.},
    title = "{The detectability of Ly{$\alpha$} emission from galaxies during the epoch of reionization}",
  journal = {\mnras},
archivePrefix = "arXiv",
   eprint = {1101.5160},
 primaryClass = "astro-ph.CO",
 keywords = {radiative transfer, galaxies: high-redshift, galaxies: stellar content, dark ages, reionization, first stars, early Universe, large-scale structure of Universe},
     year = 2011,
    month = jul,
   volume = 414,
    pages = {2139-2147},
      doi = {10.1111/j.1365-2966.2011.18530.x},
   adsurl = {http://adsabs.harvard.edu/abs/2011MNRAS.414.2139D},
  adsnote = {Provided by the SAO/NASA Astrophysics Data System}
}

@ARTICLE{Barkana01,
   author = {{Barkana}, R. and {Loeb}, A.},
    title = "{In the beginning: the first sources of light and the reionization of the universe}",
  journal = {\physrep},
   eprint = {arXiv:astro-ph/0010468},
     year = 2001,
    month = jul,
   volume = 349,
    pages = {125-238},
      doi = {10.1016/S0370-1573(01)00019-9},
   adsurl = {http://adsabs.harvard.edu/abs/2001PhR...349..125B},
  adsnote = {Provided by the SAO/NASA Astrophysics Data System}
}


@ARTICLE{DW12,
   author = {{Dijkstra}, M. and {Wyithe}, J.~S.~B.},
    title = "{An empirical study of the relationship between Ly{$\alpha$} and UV-selected galaxies: do theorists and observers 'select' the same objects?}",
  journal = {\mnras},
archivePrefix = "arXiv",
   eprint = {1108.3840},
 primaryClass = "astro-ph.CO",
 keywords = {line: formation, radiative transfer, scattering, galaxies: high-redshift, galaxies: luminosity function, mass function},
     year = 2012,
    month = feb,
   volume = 419,
    pages = {3181-3193},
      doi = {10.1111/j.1365-2966.2011.19958.x},
   adsurl = {http://adsabs.harvard.edu/abs/2012MNRAS.419.3181D},
  adsnote = {Provided by the SAO/NASA Astrophysics Data System}
}

@ARTICLE{westra,
   author = {{Dijkstra}, M. and {Westra}, E.},
    title = "{Star formation indicators and line equivalent width in Ly{$\alpha$} galaxies}",
  journal = {\mnras},
archivePrefix = "arXiv",
   eprint = {0911.1357},
 primaryClass = "astro-ph.CO",
 keywords = {galaxies: high redshift},
     year = 2010,
    month = feb,
   volume = 401,
    pages = {2343-2348},
      doi = {10.1111/j.1365-2966.2009.15859.x},
   adsurl = {http://adsabs.harvard.edu/abs/2010MNRAS.401.2343D},
  adsnote = {Provided by the SAO/NASA Astrophysics Data System}
}

@ARTICLE{Fink,
   author = {{Finkelstein}, S.~L. and {Papovich}, C. and {Salmon}, B. and 
	{Finlator}, K. and {Dickinson}, M. and {Ferguson}, H.~C. and 
	{Giavalisco}, M. and {Koekemoer}, A.~M. and {Reddy}, N.~A. and 
	{Bassett}, R. and {Conselice}, C.~J. and {Dunlop}, J.~S. et al.},
    title = "{CANDELS: The Evolution of Galaxy Rest-Frame Ultraviolet Colors from z = 8 to 4}",
  journal = {ArXiv e-prints},
archivePrefix = "arXiv",
   eprint = {1110.3785},
 primaryClass = "astro-ph.CO",
 keywords = {Astrophysics - Cosmology and Extragalactic Astrophysics},
     year = 2011,
    month = oct,
   adsurl = {http://adsabs.harvard.edu/abs/2011arXiv1110.3785F},
  adsnote = {Provided by the SAO/NASA Astrophysics Data System}
}

@ARTICLE{Dunlop12,
   author = {{Dunlop}, J.~S. and {McLure}, R.~J. and {Robertson}, B.~E. and 
	{Ellis}, R.~S. and {Stark}, D.~P. and {Cirasuolo}, M. and {de Ravel}, L.
	},
    title = "{A critical analysis of the ultraviolet continuum slopes ({$\beta$}) of high-redshift galaxies: no evidence (yet) for extreme stellar populations at z {\gt} 6}",
  journal = {\mnras},
archivePrefix = "arXiv",
   eprint = {1102.5005},
 primaryClass = "astro-ph.CO",
 keywords = {galaxies: evolution, galaxies: formation, galaxies: high-redshift, galaxies: starburst, dark ages, reionization, first stars},
     year = 2012,
    month = feb,
   volume = 420,
    pages = {901-912},
      doi = {10.1111/j.1365-2966.2011.20102.x},
   adsurl = {http://adsabs.harvard.edu/abs/2012MNRAS.420..901D},
  adsnote = {Provided by the SAO/NASA Astrophysics Data System}
}

@ARTICLE{review,
   author = {{Dijkstra}, M.},
    title = "{Lyman Alpha Emitting Galaxies as a Probe of Reionization}",
  journal = {ArXiv e-prints, arXiv:1406.7292},
archivePrefix = "arXiv",
   eprint = {1406.7292},
 keywords = {Astrophysics - Cosmology and Nongalactic Astrophysics, Astrophysics - Astrophysics of Galaxies},
     year = 2014,
    month = jun,
   adsurl = {http://adsabs.harvard.edu/abs/2014arXiv1406.7292D},
  adsnote = {Provided by the SAO/NASA Astrophysics Data System}
}




@ARTICLE{Laursen2013ApJ...766..124L,
   author = {{Laursen}, P. and {Duval}, F. and {{\"O}stlin}, G.},
    title = "{On the (Non-)Enhancement of the Ly{$\alpha$} Equivalent Width by a Multiphase Interstellar Medium}",
  journal = {\apj},
archivePrefix = "arXiv",
   eprint = {1211.2833},
 keywords = {galaxies: ISM, radiative transfer, scattering },
     year = 2013,
    month = apr,
   volume = 766,
      eid = {124},
    pages = {124},
      doi = {10.1088/0004-637X/766/2/124},
   adsurl = {http://adsabs.harvard.edu/abs/2013ApJ...766..124L},
  adsnote = {Provided by the SAO/NASA Astrophysics Data System}
}




@ARTICLE{2013PASP..125..306F,
	author = {{Foreman-Mackey}, D. and {Hogg}, D.~W. and {Lang}, D. and {Goodman}, J.
	},
	title = "{emcee: The MCMC Hammer}",
	journal = {\pasp},
	archivePrefix = "arXiv",
	eprint = {1202.3665},
	primaryClass = "astro-ph.IM",
	year = 2013,
	month = mar,
	volume = 125,
	pages = {306-312},
	doi = {10.1086/670067},
	adsurl = {http://adsabs.harvard.edu/abs/2013PASP..125..306F},
	adsnote = {Provided by the SAO/NASA Astrophysics Data System}
}


@ARTICLE{2016arXiv161001164M,
   author = {{McCourt}, M. and {Oh}, S.~P. and {O'Leary}, R.~M. and {Madigan}, A.-M.
	},
    title = "{A Characteristic Scale for Cold Gas}",
  journal = {ArXiv e-prints},
archivePrefix = "arXiv",
   eprint = {1610.01164},
 keywords = {Astrophysics - Astrophysics of Galaxies},
     year = 2016,
    month = oct,
   adsurl = {http://esoads.eso.org/abs/2016arXiv161001164M},
  adsnote = {Provided by the SAO/NASA Astrophysics Data System}
}

@ARTICLE{1977ApJ...218..148M,
   author = {{McKee}, C.~F. and {Ostriker}, J.~P.},
    title = "{A theory of the interstellar medium - Three components regulated by supernova explosions in an inhomogeneous substrate}",
  journal = {\apj},
 keywords = {Interstellar Matter, Nebulae, Supernova Remnants, X Ray Sources, Absorption Spectra, Adiabatic Conditions, Astronomical Models, Background Radiation, Clouds, Evaporation, High Temperature Gases, Rarefied Gases},
     year = 1977,
    month = nov,
   volume = 218,
    pages = {148-169},
      doi = {10.1086/155667},
   adsurl = {http://esoads.eso.org/abs/1977ApJ...218..148M},
  adsnote = {Provided by the SAO/NASA Astrophysics Data System}
}



@ARTICLE{2017arXiv170406278G,
   author = {{Gronke}, M. and {Dijkstra}, M. and {McCourt}, M. and {Oh}, S.~P.
	},
    title = "{Resonant line transfer in a fog: Using Lyman-alpha to probe tiny structures in atomic gas}",
  journal = {ArXiv e-prints},
archivePrefix = "arXiv",
   eprint = {1704.06278},
 keywords = {Astrophysics - Astrophysics of Galaxies},
     year = 2017,
    month = apr,
   adsurl = {http://esoads.eso.org/abs/2017arXiv170406278G},
  adsnote = {Provided by the SAO/NASA Astrophysics Data System}
}
